2293 3428
739 201 914 263 {effi}
970 202 1160 261 ³<ffl‘x
1217 199 1392 261 {effi}

221 313 483 368 tibusetiam
503 317 617 372 sese,
668 317 845 385 sibique
861 320 1151 387 parcentibus
1173 317 1374 381 infimis,
1407 317 1825 379 circumferendum
1855 328 1903 380 in

219 384 527 437 Sacramento
549 386 873 440 absconditum
897 395 1055 442 Deum
1077 389 1202 440 nulla
1212 389 1436 456 temporis
1456 386 1610 453 injuria
1624 425 1637 448 ,
1667 400 1799 447 nuno
1819 413 1902 448 tar·

221 450 357 504 datus
370 457 596 525 negotio,
624 460 797 508 ardenti
813 460 966 530 magis
977 458 1148 519 corde,
1194 458 1337 527 quam
1356 457 1461 509 face
1484 457 1748 526 sequebatur
1763 504 1776 526 ‚
1799 481 1902 518 non

223 523 354 574 annis
367 525 704 577 tantummodo
721 527 918 597 singulis,
930 528 1003 580 led
1015 533 1195 597 quoties
1209 527 1562 584 licuitinvitatO.
1647 531 1906 586 Pedestrem

227 592 441 648 circuire,
478 595 644 661 pluvio
673 595 1031 665 quoquecaelO,
1069 598 1348 664 cunch'sque
1374 598 1423 647 in
1445 597 1624 666 templis
1637 611 1691 650 ac
1714 602 1830 651 urbis
1850 603 1911 654 sa-

223 661 355 712 cellis
366 664 541 728 passum
567 681 653 731 pro
667 665 846 716 Mundo
862 702 876 720 ‚
902 671 953 720 δ(
971 668 1199 735 sepultum
1221 669 1415 717 adorare
1436 673 1593 717 Deum
1613 664 1810 733 quividit
1825 687 1913 724 ,te-⁴

222 731 468 782 nertimam
482 732 509 783 e
530 741 661 786 vultu
676 735 986 787 devotionem
998 741 1201 805 legebat,
1274 735 1605 802 suspicientem
1619 735 1664 786 in
1679 738 1776 791 viris
1796 739 1912 791 Deo

223 800 402 850 sacratis
415 839 430 862 ‚
464 818 565 853 non
586 806 692 866 Ejus
716 804 900 854 tanturn
915 806 1144 856 ministros
1160 843 1173 866 ,
1188 804 1262 855 sed
1283 810 1497 856 rubentes
1509 804 1689 858 Divino
1702 807 1913 874 sanguine

228 884 394 920 manus
402 869 457 921 ea
469 876 842 927 venerationem
854 874 1050 925 osculari
1066 872 1220 939 potitis
1235 874 1541 943 voluissetlpse
1552 890 1716 926 manus
1728 876 1913 927 illorum

223 938 364 1006 quam
381 939 464 989 suis
489 944 551 990 ab
572 942 624 994 iis
641 944 687 992 id
723 943 933 1008 oblequii
969 959 1118 1012 genus
1141 942 1383 995 admittere
1407 981 1423 1004 ,
1468 945 1670 1013 quisquis
1695 959 1917 999 noverat,

225 1006 454 1059 addiscere
469 1012 619 1072 potuit
637 1014 910 1064 reverentiae
935 1028 1174 1069 normam,
1258 1016 1312 1063 Et
1336 1013 1621 1082 quicumque
1634 1010 1916 1066 diflerentem

223 1079 429 1128 audierat
444 1077 503 1127 de
522 1082 685 1133 divinis
697 1085 749 1131 M
755 1083 946 1150 ysteriis,
971 1081 1030 1133 de
1048 1081 1392 1134 credendorum
1413 1083 1683 1135 certitudine
1696 1122 1709 1146 ‚
1728 1084 1788 1134 de
1812 1086 1919 1135 Ro·

228 1161 380 1197 mana:
403 1147 533 1201 Sedis
557 1150 823 1206 sanctitate,
852 1152 913 1203 de
937 1153 1103 1204 summi
1123 1152 1360 1206 Pontificis
1383 1154 1666 1203 Auctoritate
1684 1191 1698 1216 ‚
1733 1156 1786 1208 ὃ(
1806 1154 1922 1205 obe·

225 1213 396 1268 diemiai
408 1217 565 1272 debita
575 1221 967 1276 ChristiVicario‚
995 1224 1077 1273 suo
1090 1261 1103 1285 ,
1115 1222 1395 1289 suorumque
1407 1222 1806 1273 Sereniffimorum
1829 1227 1918 1273 Na·

224 1300 391 1338 torum
411 1292 634 1358 exemplo
653 1293 905 1356 perhibita,
931 1292 1187 1357 Principem
1204 1291 1483 1358 caeteroquin
1501 1291 1679 1343 summa
1705 1291 1920 1358 perspica-

225 1356 366 1407 citate
379 1357 609 1411 donatum
627 1397 641 1414 ,
665 1361 792 1411 suum
805 1376 965 1412 tamen
987 1361 1112 1412 adeo
1129 1362 1423 1413 Intellectum
1444 1362 1763 1429 captivantem
1778 1361 1822 1411 in
1836 1367 1921 1411 ob-

173 1455 177 1460 =
225 1425 432 1492 sequium
444 1427 568 1479 Fidei
591 1448 604 1484 t
628 1446 676 1480 ut
699 1429 802 1483 haec
825 1433 902 1481 vel
926 1430 1122 1483 minime
1139 1434 1186 1482 in
1207 1431 1510 1501 quaestionem
1523 1446 1749 1483 vocantes
1772 1430 1921 1481 redar-

228 1509 414 1561 gueret,
453 1502 632 1547 Heraem
646 1500 786 1566 plane
802 1501 982 1551 summa
1002 1506 1172 1549 Pietate
1190 1538 1204 1563 ,
1223 1504 1276 1554 ὃ(
1295 1500 1507 1566 Religione
1527 1498 1764 1566 praeditum
1783 1500 1920 1550 fateri

230 1564 467 1618 debuerat.
539 1570 699 1619 Silebo
712 1569 849 1635 hujus
864 1569 1052 1621 visenda
1069 1570 1335 1621 testimonia
1358 1569 1405 1619 in
1423 1584 1496 1619 tot
1516 1569 1703 1623 Sacellis
1717 1605 1731 1622 ,
1767 1570 1924 1620 Altari-

233 1633 414 1708 busque
423 1638 725 1698 construe‘ti53
760 1639 809 1689 in
825 1654 896 1691 tot
916 1641 949 1690 'I
958 1637 1412 1708 emplis&Eccles1is
1425 1638 1530 1701 Eius
1544 1639 1811 1691 liberalitate
1838 1639 1919 1689 do·

229 1716 359 1762 tatis3
394 1709 439 1754 in
462 1707 831 1759 totcaenobiis&
845 1709 1083 1759 Asceteriis
1094 1712 1199 1769 Ejus
1219 1707 1533 1760 munificentia
1546 1707 1700 1760 ditatis
1713 1747 1726 1770 ‚
1761 1708 1810 1759 in
1835 1708 1922 1759 Soe

231 1769 397 1821 dalitiis
409 1771 607 1841 denique
624 1810 638 1833 ,
674 1773 1154 1835 accaetibuspiislllius
1166 1780 1281 1824 zelo
1304 1776 1535 1835 fundatis,
1560 1794 1640 1829 aut
1653 1781 1922 1840 Ejusexem-

231 1841 315 1906 plo
329 1880 340 1902 ,
355 1844 431 1892 vel
445 1842 709 1894 acceffione
722 1841 958 1891 adauc‘tist
992 1842 1159 1890 Fuitne
1178 1845 1435 1905 cujuspiam
1447 1843 1591 1891 lancti
1602 1845 1827 1894 celebrius
1840 1849 1922 1896 Fe·

233 1916 378 1964 stum,
411 1912 544 1978 quod
564 1907 638 1960 lua
658 1926 761 1960 non
790 1909 1013 1976 ampliare
1030 1910 1237 1961 voluerit
1261 1905 1498 1960 Praesentia
1516 1924 1613 1960 tam
1637 1911 1681 1959 in
1705 1912 1890 1963 urbibus
1906 1947 1923 1972 ,

234 1979 377 2045 quam
391 1981 530 2032 Ruri?
568 1978 817 2031 Poteratne
832 1982 984 2049 rogari
999 2017 1012 2041 ‚
1037 1979 1176 2030 utsuo
1191 1977 1451 2029 interventu
1462 1977 1600 2028 cieret
1614 1982 1844 2045 populum
1860 1981 1924 2033 ad

237 2051 441 2114 publicas
463 2064 619 2117 preces
638 2089 649 2111 ,
665 2053 718 2104 ὃ(
733 2050 880 2103 plures
898 2045 1190 2117 quandoque
1214 2048 1262 2098 in
1283 2045 1377 2097 dics
1396 2048 1662 2115 protractas
1679 2052 1920 2101 Devotio-

237 2134 345 2172 nes,
383 2122 686 2187 quibusluam
702 2116 938 2172 desiderari
965 2118 1242 2171 Personam,
1278 2115 1392 2167 cum
1408 2119 1588 2184 potuit,
1625 2118 1922 2183 permiserat?

239 2190 427 2240 cellitne
439 2192 643 2257 cuipiam
667 2192 716 2240 in
728 2190 856 2240 cultu
866 2187 1047 2238 tuendo
1061 2226 1076 2251 ,
1111 2203 1252 2249 quem
1265 2185 1463 2253 Lipsanis
1487 2188 1616 2237 sacris
1638 2186 1792 2239 deberi
1809 2205 1922 2260 cog·

240 2275 464 2313 noverat,
494 2258 741 2327 noluitque
757 2257 909 2309 forsan
929 2258 977 2306 iis
1000 2257 1066 2312 se,
1098 2257 1317 2323 suamque
1334 2255 1678 2308 Sereniffimam
1703 2261 1923 2311 Domum

244 2331 421 2378 munire
433 2368 447 2390 ,
460 2334 512 2382 ὃ(
528 2346 630 2378 non
643 2327 889 2380 sacratiora
902 2325 1089 2378 reddere
1098 2327 1284 2379 Sacella
1299 2327 1562 2376 constru&a
1574 2365 1587 2387 ,
1627 2328 1713 2377 Illis
1726 2327 1750 2376 a
1766 2329 1925 2379 sancia

246 2398 362 2448 Sede
382 2398 655 2463 postulatis?
698 2401 781 2449 Me
805 2397 1024 2464 profecto
1047 2412 1233 2448 tacente
1253 2393 1569 2445 testimonium
1588 2396 1843 2462 perhibebit
1863 2397 1925 2449 de

247 2466 317 2518 his
335 2503 349 2521 ,
375 2467 671 2533 plurimisque
696 2468 792 2518 aliis
815 2464 1164 2535 Religiosiffimi
1198 2465 1344 2516 animi
1369 2463 1499 2534 signis
1522 2480 1765 2532 nunquam
1790 2465 1926 2519 inter.

249 2540 472 2587 moritura
488 2537 748 2601 pientissimi
770 2537 986 2600 Principis
1001 2535 1130 2587 fama
1147 2573 1160 2596 ,
1197 2549 1298 2603 quae
1313 2572 1326 2595 ,
1351 2531 1463 2583 sicut
1476 2534 1521 2587 in
1538 2535 1655 2586 aliis,
1696 2534 1755 2583 ita
1770 2536 1815 2583 in
1831 2541 1922 2584 Pie·

248 2608 406 2659 tate&
433 2607 644 2671 Relzgione
656 2603 1198 2657 nulliconcedetvocare
1211 2603 1463 2656 secundum
1496 2620 1509 2657 t
1546 2603 1925 2656 Edoftumnem·

252 2691 310 2741 pe
327 2678 576 2725 Prudentia:
595 2677 675 2725 suae
701 2675 897 2726 consilio
916 2709 931 2728 ,
961 2674 1106 2743 quam
1122 2681 1264 2721 Pietas
1289 2671 1338 2722 sit
1359 2673 1422 2720 ad
1435 2677 1573 2721 omnia
1593 2674 1715 2720 utilis
1738 2712 1752 2735 ,
1781 2689 1924 2742 quan·

226 2786 231 2791 .
253 2761 447 2812 tumque
475 2745 732 2812 Principem
745 2744 1106 2813 firmetReligio,
1138 2759 1241 2813 quae
1254 2743 1352 2793 sola
1365 2744 1608 2811 potensest
1624 2748 1805 2803 Deum,
1821 2758 1922 2795 ome

254 2819 324 2864 nis
337 2815 557 2866 felicitatis
575 2813 831 2866 Authorem
844 2853 858 2875 ,
878 2813 1061 2884 religare
1078 2812 1269 2879 principi
1293 2811 1516 2865 insolubili
1529 2814 1716 2864 vinculo
1729 2850 1744 2876 ‚
1780 2811 1805 2861 a
1819 2826 1920 2880 quo

254 2883 395 2935 ctiam
419 2883 670 2952 Religionis
693 2899 869 2934 nomen
890 2898 1077 2934 enatum
1097 2883 1179 2933 est.

365 2961 423 3003 At
445 2948 593 3021 quid?
638 2968 752 3002 num
777 2953 1067 3004 Prudentiam
1089 2953 1169 3002 ista
1192 2951 1446 3002 dictantem
1469 2964 1552 3000 tuo
1575 2965 1685 3003 cum
1711 2948 1924 3001 Nomine

260 3041 358 3076 non
377 3023 554 3074 insitam
569 3023 726 3073 dixero
742 3028 921 3093 Magne
936 3027 1057 3086 Rex,
1090 3021 1198 3089 quia
1216 3023 1370 3073 sancie
1383 3026 1619 3070 Luaovice?
1655 3020 1726 3071 Est
1743 3034 1922 3071 nomen

1102 3106 1130 3142 c
1150 3098 1187 3157 †
1223 3107 1252 3145 2
1730 3102 1861 3138 tuum
