2293 3428
749 181 923 242 {3853
981 188 1010 234 )(
1039 183 1098 241 ffl
1126 187 1165 241 )(
1223 183 1396 241 4385*

236 312 378 348 mot-e
400 299 715 367 ,cognoscere
733 297 885 364 licuit,
910 299 1268 352 adorandorum
1294 296 1489 368 quidem
1505 301 1708 376 capitum
1727 343 1740 366 ,
1760 321 1901 375 atque

235 367 362 417 adeo
387 367 560 418 summe
578 369 912 422 venerabilem.
942 371 1020 422 sed
1038 370 1334 421 tremendum
1348 384 1447 418 non
1470 369 1619 418 mmsis
1632 373 1899 439 comestum,

233 439 342 504 quia
354 453 438 503 pro
449 438 661 487 tribunali
688 437 942 490 sedentium
959 441 1194 506 judicum3
1217 453 1404 490 cernere
1416 435 1669 488 debueram
1685 444 1786 497 huic
1801 462 1903 499 ma.

233 533 334 588 gno
351 520 570 572 consellui
587 521 691 587 pios
711 519 797 572 sisti
821 506 1223 572 Maximillam
1256 536 1418 573 manes
1441 537 1502 574 ex
1522 535 1619 573 una
1640 555 1656 585 ,
1689 528 1903 578 aetorum

234 591 346 640 verb
359 593 504 657 plures
514 605 570 640 ex
589 592 732 641 altera
745 605 898 657 parre,
932 592 1011 659 qui
1033 592 1148 642 nihil
1168 607 1267 642 non
1281 606 1479 663 egerant
1494 628 1507 651 ,
1534 607 1584 642 ut
1606 590 1790 644 exitialis
1813 600 1904 645 len.

236 662 384 709 tentiae
396 660 873 722 fulmenevocarent,
893 675 991 725 quo
1004 662 1165 726 culpas
1183 661 1297 721 luat,
1334 663 1381 710 ni
1402 659 1739 727 polletdiluete.
1810 665 1904 714 Au·

230 725 323 780 dire
348 728 535 789 jubebar
559 764 573 783 ‚
608 730 656 779 in
683 730 1029 780 Martiscollem
1055 767 1069 790 ,
1110 745 1255 797 quern
1283 735 1582 800 Areopagum
1607 744 1760 782 nuncu
1797 748 1902 793 ant,

229 796 437 848 transiisse
455 797 722 850 theatrum:
753 798 927 849 collem
941 797 1000 847 de
1021 798 1223 848 districto
1239 799 1441 862 judicio,
1464 815 1522 851 ac
1540 799 1760 848 intemera
1786 803 1793 815 “
1828 803 1905 850 ser.

229 868 393 917 varidae
413 867 585 928 Justitiae
606 869 718 917 zelo
740 865 978 916 famosum
999 884 1012 920 t
1052 867 1250 917 Collem
1265 903 1279 925 ‚
1305 868 1352 916 in
1366 884 1465 936 quo
1487 902 1502 923 ,
1522 869 1648 919 velut
1662 868 1779 917 olim
1794 867 1909 920 duo·

230 935 379 986 denos
397 951 474 1000 per
484 940 614 1000 Deos
630 934 821 986 Gradivi
837 939 996 986 Martis
1006 936 1142 986 causa
1151 937 1454 990 metabatur,
1476 953 1555 1005 per
1568 938 1697 987 senas
1713 940 1908 988 tandem

226 1006 412 1070 peraeta
444 1004 716 1073 sententian
778 1005 840 1053 ita
861 1004 922 1055 de
941 1010 1091 1070 Bojco
1114 1004 1343 1073 resumpta
1372 1012 1593 1058 Mavorte
1615 1007 1694 1056 sub
1721 1011 1906 1078 Magno

224 1071 629 1151 Maximillam
666 1072 1019 1133 hmanuells
1061 1088 1259 1139 nomine
1288 1090 1592 1141 celeberrimo
1621 1089 1649 1141 εἰ
1683 1079 1910 1142 duodenis*

224 1169 354 1206 nunc
370 1156 546 1221 Superis
566 1166 817 1221 repetaturt
840 1155 1002 1206 Causa
1014 1151 1152 1207 tanto
1164 1171 1244 1221 pet
1257 1155 1420 1209 omnia
1434 1165 1639 1228 gravior,
1653 1169 1752 1226 quo
1767 1166 1911 1224 majo·

225 1240 271 1274 ra
284 1225 482 1284 adjicere
502 1223 712 1288 pondera
732 1230 1029 1275 conabantur
1049 1226 1233 1278 aflores
1253 1264 1269 1281 ‚
1302 1244 1355 1277 ut
1378 1245 1506 1279 reum
1525 1226 1761 1281 efficerent
1774 1266 1789 1291 ,
1820 1230 1908 1282 ned

225 1293 437 1352 minora,
476 1293 556 1361 qui
579 1293 688 1342 tueri
702 1293 991 1356 studuerant,
1012 1311 1061 1346 ut
1080 1296 1309 1363 insontem
1323 1296 1601 1365 probarenn'

323 1364 447 1428 Quis
460 1363 572 1413 mihi
585 1375 699 1414 ¹tunc
715 1364 856 1413 sensus
872 1401 886 1425 ‚
911 1379 1014 1431 quae
1031 1365 1274 1434 palpitatio
1306 1367 1457 1418 cordis
1470 1407 1483 1428 ‚
1518 1383 1620 1436 quae
1633 1368 1797 1435 mentis
1809 1364 1909 1438 agi.

223 1432 490 1483 tatiotuerit
507 1468 523 1487 ,
544 1432 778 1484 cumralia
792 1449 1014 1493 cernere,
1050 1450 1162 1485 cum
1189 1435 1329 1487 finem
1345 1438 1587 1503 praesto‘lari
1604 1476 1616 1498 ‚
1654 1437 1912 1507 dubiusque

222 1516 412 1554 manere
431 1504 671 1571 cogebar,
690 1502 859 1568 judicet
882 1504 917 1552 is
936 1539 950 1557 ,
974 1504 1053 1572 qui
1081 1503 1215 1558 novit
1236 1521 1449 1570 expertus
1473 1508 1616 1557 metiri
1636 1523 1793 1558 motus
1810 1507 1905 1557 ani·

223 1569 288 1623 mi
301 1572 536 1639 periclitari
555 1573 796 1635 cernentis,
831 1588 973 1641 quem
986 1589 1126 1627 amat.
1202 1580 1260 1626 At
1281 1576 1313 1625 fi
1330 1577 1509 1628 velinos
1528 1575 1713 1627 intueor
1732 1576 1904 1637 vultus,

223 1641 305 1708 qui
324 1642 445 1691 bene
455 1641 703 1705 precamini
722 1643 946 1693 Manibus
964 1642 1155 1694 extincti
1168 1642 1518 1698 clementissimi
1532 1645 1909 1716 Principis,quem

221 1711 629 1775 jamjamanimum
640 1713 776 1759 vobis
795 1711 984 1780 insidere
1001 1711 1301 1767 crediderim?
1331 1714 1465 1776 sane⁵
1484 1726 1535 1765 ut
1558 1716 1782 1767 Eleftoris
1809 1731 1908 1767 ere·

223 1776 287 1846 pri
311 1777 368 1829 de
381 1778 523 1828 salute
542 1777 791 1827 sollicitum
809 1776 898 1843 ‚ita
913 1791 1092 1844 magna
1112 1778 1372 1847 suspensum
1392 1783 1610 1845 cupidine
1626 1823 1639 1839 ,
1654 1784 1904 1838 noscendi,

221 1845 652 1917 quaefuerintae'ta?
687 1860 785 1913 quae
796 1843 1130 1898 sorsaccusati3
1164 1847 1266 1911 quis
1279 1843 1483 1912 denique
1497 1845 1699 1912 sinistam
1716 1847 1905 1900 &stricti

220 1910 417 1986 Judicii'?
451 1915 560 1966 Itasr
583 1915 735 1976 fuerit,
773 1912 890 1963 finar
910 1913 1118 1979 respirare
1135 1913 1383 1982 tantisper,
1413 1910 1620 1978 viresque
1649 1916 1905 1984 colligere,

221 1991 274 2041 ὃ(
289 1984 423 2055 quod
435 1985 670 2036 Orationis
683 1991 776 2049 jam
789 1981 975 2045 patescit
995 1994 1322 2052 argumentum
1335 2023 1348 2045 ‚
1369 1981 1588 2034 laconica
1609 1980 1800 2049 quidem
1818 2021 1832 2046 ,
1855 2001 1906 2037 ut

221 2057 351 2118 licet,
384 2053 475 2105 fida
494 2067 654 2105 tamen
675 2052 981 2105 'ennaratione
999 2053 1247 2119 perorabo.
1331 2054 1393 2103 Sit
1414 2051 1492 2100 ista
1506 2052 1763 2103 Verborum
1785 2058 1899 2121 pha-

222 2128 319 2187 leris
333 2131 477 2186 orba,
519 2127 685 2193 arguta:
703 2121 986 2173 elocutionis
1012 2122 1101 2172 sale
1126 2117 1361 2183 destituta,
1387 2122 1615 2190 nullisque
1640 2122 1902 2178 Rhetorurn

222 2194 408 2246 floribus
425 2234 438 2256 ,
460 2208 539 2246 aut
560 2194 744 2246 exculta
760 2190 931 2263 figuriS‚
956 2203 1006 2240 ut
1017 2202 1162 2261 genus
1178 2190 1439 2252 DiflioniS,
1477 2206 1522 2240 ut
1539 2192 1726 2261 lugubre
1738 2191 1900 2246 thema

223 2265 321 2316 haec
332 2266 480 2314 abelle
492 2263 695 2329 deposcit
707 2299 720 2316 ,
757 2260 819 2315 fic
831 2261 1168 2312 Benevolentiae
1180 2264 1333 2314 vestrae
1348 2263 1412 2312 nil
1429 2260 1605 2309 detrahi
1621 2258 1902 2329 finanquam

223 2333 418 2402 dignitas
438 2334 579 2385 causae
593 2370 606 2386 ‚
647 2337 699 2387 ὅτ
713 2332 964 2383 reverentia
976 2329 1192 2401 Principis
1207 2339 1302 2398 jam
1322 2328 1475 2402 magis
1498 2327 1746 2400 magisque
1758 2332 1898 2384 adau-

224 2402 662 2474 gendamdeposcit.
734 2404 920 2454 Favete.

403 2550 434 2594 Α
444 2544 490 2599 h!
509 2538 647 2612 quim
657 2534 795 2592 infida
812 2534 922 2591 mihi
935 2538 1024 2589 sors
1036 2539 1127 2596 est?
1137 2539 1300 2607 ipsone
1313 2539 1441 2609 igitur
1452 2539 1495 2589 in
1508 2532 1671 2591 limine
1685 2538 1903 2595 haeream!¹

402 2632 512 2664 num
529 2617 573 2661 in
592 2614 833 2663 Orationis
849 2612 1075 2659 vestibulo
1099 2626 1243 2678 cogar
1266 2613 1352 2660 elle
1365 2609 1644 2681 ambiguus?
1659 2612 1902 2680 ambiguus

221 2683 658 2756 inquam‚lciendine
675 2681 814 2732 finem
830 2681 929 2748 plus
945 2679 1118 2747 cupidis
1133 2682 1364 2740 adhuc,an
1381 2678 1700 2730 melomniasse
1716 2680 1901 2744 creden,

223 2761 341 2811 tibus
352 2753 548 2822 loquar?
554 2752 612 2802 sic
622 2766 791 2818 nempe
805 2750 1004 2814 suspicari
1019 2765 1094 2799 me
1107 2751 1231 2813 jubet
1252 2750 1283 2799 is
1296 2749 1436 2800 animi
1453 2750 1802 2817 languor,quem
1819 2765 1902 2803 va.

227 2827 343 2881 fiatis
365 2826 410 2874 in
426 2827 621 2874 vultibus
634 2821 782 2871 vestris
793 2813 1040 2888 legendam
1051 2817 1299 2887 porrigitis‘,
1313 2834 1399 2869 ceu
1413 2817 1697 2869 dubitatione
1711 2819 1903 2870 detenti·

226 2915 302 2949 cur
324 2895 568 2945 tremendo
591 2891 846 2941 etiamnum
866 2889 1082 2939 tribunali
1102 2886 1363 2938 submistum
1385 2887 1596 2950 audiatis,
1640 2903 1778 2958 quem
1801 2895 1898 2942 ve„

230 2972 318 3020 stro
338 2963 534 3024 iudici0‚
588 2960 897 3028 omniumque
925 2959 1142 3008 sententia
1169 2963 1261 3020 jam
1285 2957 1415 3008 Divis
1437 2957 1734 3024 adscriptum,
1769 2953 1895 3007 haud

234 3040 354 3091 ultra
379 3030 679 3102 judicandum
701 3031 891 3099 putatis:
928 3029 1001 3083 vel
1023 3025 1134 3079 ideo
1160 3024 1346 3081 minus,
1367 3024 1495 3093 quod
1519 3025 1750 3096 Areopagi
1776 3020 1894 3099 judi.

1078 3104 1157 3161 τη·
1195 3109 1224 3150 2
1500 3107 1503 3109 ’
1746 3107 1824 3160 clo
