2293 3428
736 181 912 242 §3353
966 181 1159 241 ww(
1217 181 1390 241 Q&

220 294 547 365 rum‘ereptum
567 303 808 370 lugeamus
830 335 846 353 ,
871 299 979 351 licet
995 297 1175 366 plurimi
1198 297 1403 350 nostrum
1427 294 1524 350 sola
1545 301 1886 367 tormentorum

195 425 198 429 γ
217 361 381 418 saevitiai
404 366 535 436 preffi
555 369 617 419 de
632 370 881 421 insontium
893 369 1072 421 alboin
1088 383 1343 420 numerum
1363 382 1545 420 reorum
1561 379 1783 430 transfer„
1796 398 1882 447 ρο.

217 431 332 496 titis‚
353 437 497 505 quam
515 436 683 488 diutius
693 438 784 503 pati
799 438 1125 490 maluerimus?
1161 441 1228 488 En
1241 438 1416 507 languis
1428 436 1651 489 nosterde
1668 456 1775 500 terra
1785 454 1883 503 cla.

217 513 317 578 mat
335 543 351 568 ‚
388 506 648 559 vindiciam
672 507 874 574 expetit,
919 508 1216 578 vestramque
1245 507 1383 580 exigit
1407 509 1727 561 intemeratam
1755 522 1884 577 Justi.

217 583 348 631 tram,

321 645 440 697 Haec
451 644 641 697 audiens
652 659 807 697 mente
819 645 1097 716 torquebar,
1120 650 1164 696 δι
1177 686 1196 710 ,
1217 648 1336 702 heu!
1360 648 1473 701 intra
1487 663 1565 702 me
1575 648 1775 708 dixeram
1789 695 1802 717 ,
1835 662 1884 709 ῑη

212 715 397 774 quantis
417 730 462 766 te
475 718 691 768 accusant
710 718 984 780 Principum
1004 717 1248 771 maxime?
1277 733 1451 785 quanta
1475 719 1635 770 dicunt
1649 721 1887 778 adversum

213 789 285 837 te,
322 784 470 850 proh!
503 800 647 852 quam
658 784 774 835 ialsa
784 800 978 851 quoque
992 820 1008 845 ,
1042 801 1133 836 nec
1143 787 1471 839 convenientia
1483 788 1589 849 sibi,
1607 790 1885 850 testimonia?

215 846 273 899 Et
292 849 394 904 haec
416 854 655 914 sustinetis,
681 853 899 921 ludices?
932 855 1145 906 &nemo
1165 854 1215 906 fit
1241 895 1255 917 ‚
1291 857 1368 924 qui
1390 872 1492 909 tuas
1515 873 1671 925 partes
1686 859 1889 928 suscipiat

213 920 543 973 modestissime
556 923 798 993 Princeps?
834 923 924 974 Sed
939 921 1163 986 fallebar;
1195 925 1508 990 culpatoribus
1520 930 1691 996 quippe
1709 929 1829 994 jussis
1840 930 1893 982 si-

208 983 300 1040 lere
311 1028 326 1052 ‚
363 993 416 1045 &
425 989 645 1043 facultate
654 990 835 1047 dicendi
846 992 1041 1043 obtenta
1053 1009 1140 1059 prae
1152 995 1331 1046 cunetis
1345 1035 1360 1057 ,
1375 1010 1514 1064 atque
1524 1013 1608 1060 pro
1619 998 1858 1058 omnibus.
1908 1035 1915 1039 „

317 1063 391 1112 Est
403 1095 420 1122 ,
444 1063 670 1113 inferebat
683 1063 909 1134 assurgens
920 1063 1044 1114 sacra
1056 1062 1201 1118 Fides,
1214 1066 1284 1114 seu
1296 1066 1566 1117 orthodoxa
1580 1067 1766 1137 Religio
1778 1071 1889 1134 ‚Est‚'

204 1128 282 1181 cui
296 1135 415 1178 Boici
428 1170 442 1193 ,
467 1136 655 1197 Magni,
686 1132 970 1195 &Chrestiani
982 1136 1209 1180 Mavortis
1224 1134 1359 1184 causa
1379 1133 1429 1183 fit
1441 1136 1584 1191 cordi.
1655 1140 1711 1186 Et
1728 1154 1890 1206 quam.

205 1214 351 1268 quam
365 1208 520 1251 velata
531 1203 730 1253 vestram
743 1238 758 1255 ,
775 1204 1048 1267 integerrimi
1062 1202 1247 1260 Judt'ces
1260 1240 1275 1258 ,
1311 1205 1824 1259 revereartolerantiam
1837 1210 1891 1260 in

204 1269 444 1321 audiendis
457 1271 711 1322 Aetoribus
727 1270 816 1322 istis
825 1306 840 1325 ,
873 1286 995 1337 quos
1008 1268 1208 1333 aJudicii
1233 1274 1388 1324 limine
1412 1271 1630 1327 debuisset
1643 1292 1798 1328 arcere
1810 1278 1889 1331 vel
1909 1303 1915 1312 ›

205 1337 301 1405 ipsa
313 1339 571 1391 eorundem
594 1341 814 1402 Perfidia;
850 1355 974 1409 quos
988 1342 1139 1392 vestris
1153 1343 1478 1410 conspetffious
1494 1344 1647 1396 reddit
1667 1345 1889 1417 indignos

204 1406 467 1473 ipsissimum
483 1424 660 1459 nomen
683 1411 886 1477 pluribus
910 1410 1127 1473 iniustum
1143 1450 1158 1472 ,
1173 1427 1261 1463 ceu
1288 1413 1580 1466 adversantes
1593 1417 1794 1470 veritati,
1814 1419 1890 1469 lu-

203 1480 416 1546 minique
433 1480 649 1532 rebelles:
693 1477 983 1529 Proterviarn
1005 1493 1167 1532 tamen
1186 1481 1383 1549 ampiitis
1398 1481 1562 1546 miror,
1600 1484 1692 1552 qua
1705 1501 1776 1536 tot
1798 1487 1884 1539 lim

205 1561 306 1615 guae
321 1548 533 1619 maligna:
556 1584 571 1602 ,
597 1548 799 1617 soloque
811 1549 956 1598 livore
975 1547 1188 1604 facundae
1205 1554 1498 1614 Majestatem
1513 1555 1708 1606 vestram
1721 1571 1822 1606 non
1840 1575 1893 1607 e.

206 1618 455 1667 rubescunt
465 1614 734 1680 offendere,
755 1632 907 1668 tantas
918 1618 1173 1686 ingerendo
1193 1621 1464 1677 calumniae.
1513 1626 1673 1671 Hithr
1694 1662 1708 1686 ‚
1729 1625 1892 1690 hicest,

205 1700 348 1752 quem
362 1686 454 1736 mei
464 1702 707 1749 tantopere
725 1690 1037 1739 commendat
1055 1689 1369 1757 integerrimus
1381 1695 1532 1743 Amor
1542 1729 1556 1753 ‚
1577 1693 1655 1761 qui
1679 1709 1781 1744 non
1794 1695 1888 1744 alia

207 1756 381 1806 beilicae
398 1752 676 1804 fortitudinis
702 1753 784 1803 suae
802 1754 955 1815 posuit
975 1757 1207 1820 principia
1225 1791 1240 1814 ,
1280 1759 1426 1821 quam
1444 1796 1459 1813 ,
1500 1776 1550 1811 ut
1574 1762 1889 1814 Ottomanici

206 1826 386 1891 pulsam
396 1823 662 1889 tyrannide,
695 1822 750 1872 ὅτ
762 1816 888 1868 εῑξὶεῖ
902 1819 1352 1884 pressamoofidione
1369 1825 1552 1875 viennae
1564 1864 1578 1887 ,
1589 1830 1650 1875 ab
1664 1843 1890 1879 extremo

206 1891 414 1963 periculo
433 1907 507 1941 me
522 1893 730 1943 liberaret
748 1905 763 1941 ε
790 1890 837 1938 N
842 1901 897 1937 ec
911 1887 1001 1937 alia
1014 1885 1229 1956 deinceps
1245 1889 1520 1956 imperterriti
1541 1894 1687 1942 animi
1701 1930 1716 1951 ‚
1730 1911 1791 1946 ac
1804 1898 1889 1947 rni-
1908 1918 1919 1947 ,·,

205 1965 338 2013 litatis
351 1956 790 2030 magisteriaroboris
803 1955 879 2008 sua
890 1957 1037 2008 voluit
1050 1957 1138 2009 esse
1152 1993 1167 2012 ‚
1185 1956 1267 2008 nisi
1282 1993 1298 2010 ,
1332 1973 1433 2025 quae
1448 1960 1523 2010 vel
1538 1954 1615 2011 ὣς
1624 1977 1891 2034 propagari..
1910 1994 1916 2001 -

209 2032 257 2084 di
273 2030 332 2084 ad
346 2030 586 2083 orientem
601 2066 617 2091 ,
662 2029 717 2081 &
737 2029 850 2076 ultra
877 2062 893 2088 ‚
931 2026 1040 2078 vere
1066 2030 1302 2079 Hernicus
1324 2029 1581 2081 edocuerat
1593 2028 1743 2081 Ardor
1764 2058 1777 2091 3
1802 2050 1914 2086 aut2

208 2117 288 2152 me
307 2098 465 2152 tuendi
484 2101 645 2151 abillis
654 2095 871 2149 inimicis,
911 2111 1030 2163 quos
1052 2111 1169 2166 agro
1183 2096 1446 2150 Dominico
1459 2135 1478 2159 ‚
1520 2100 1633 2150 dum
1649 2099 1889 2156 dormiunt

206 2172 452 2231 homines,
486 2168 687 2237 politico
699 2164 884 2231 depressi
904 2165 1098 2235 sopore,
1133 2165 1283 2218 tritico
1295 2167 1467 2219 nociva
1482 2168 1890 2237 superseminantes

207 2245 398 2294 zizania
421 2240 676 2291 horrescere
699 2234 854 2287 debeo
879 2254 896 2299 ς
927 2235 1205 2289 inconcusla
1227 2235 1323 2286 mei
1344 2236 1550 2291 Dileeiio
1573 2239 1685 2304 jussit
1715 2252 1728 2288 z
1763 2243 1886 2309 Quo

206 2311 339 2363 enim
358 2311 455 2360 alio
471 2347 485 2370 ‚
505 2309 649 2374 quarn
670 2321 750 2359 mc
771 2303 1100 2376 propugnandi
1124 2345 1139 2369 ,
1156 2304 1309 2357 studio
1329 2320 1389 2357 ea
1414 2312 1508 2371 jam
1525 2308 1753 2361 senescere
1771 2311 1886 2364 inci.

209 2378 350 2447 pienti
371 2376 594 2430 excidere
614 2375 754 2429 verba
779 2411 794 2435 ,
820 2376 1009 2427 cuidam
1033 2373 1293 2428 sollicitanti
1319 2410 1337 2428 ,
1371 2389 1430 2427 ac
1450 2391 1643 2428 movere
1667 2377 1884 2433 credenti

210 2449 396 2518 Legato
419 2447 646 2517 repositat
670 2444 899 2495 Enimvero*
910 2483 924 2507 ,
936 2446 985 2512 fi
991 2458 1073 2511 pro
1082 2446 1169 2508 fide
1189 2443 1406 2494 Catholica
1424 2464 1494 2494 res
1514 2448 1596 2509 est,
1629 2452 1842 2496 noverit&
1862 2487 1882 2512 ‚

210 2520 291 2565 hac
308 2523 538 2566 etiamnum
553 2536 616 2564 me
627 2518 732 2564 hora
741 2526 946 2582 paratum
958 2550 973 2574 ‚
1003 2525 1053 2572 ut
1065 2513 1201 2582 gale}
1216 2525 1340 2582 tegar
1351 2549 1368 2568 ,
1403 2513 1535 2563 lorica
1548 2515 1708 2581 vestiar
1726 2553 1741 2577 ‚
1775 2523 1881 2564 ulti-

208 2583 1097 2654 maeimquesanguinestillamprofundam,
1108 2583 1130 2633 ἓ

311 2659 500 2718 Plangat
519 2656 707 2706 inimica
718 2657 954 2706 Barbaries
964 2655 1152 2704 vulnera
1164 2653 1241 2704 sua
1253 2693 1267 2716 ‚
1286 2651 1538 2722 cladesque
1547 2655 1774 2706 maximas
1784 2693 1801 2716 ‚
1819 2657 1886 2708 lu-'

211 2740 317 2794 gear
332 2727 561 2776 ammissas
582 2723 752 2780 Urbes,
776 2738 950 2792 ereptas
966 2723 1202 2791 Regiones
1217 2758 1234 2777 ,
1268 2726 1322 2775 ὅ(
1340 2722 1484 2774 diruta
1509 2723 1619 2774 fana
1640 2726 1851 2796 sacrilega
1863 2749 1884 2792 3

215 2795 470 2854 Impietatis
497 2792 764 2848 vindicem,
808 2796 862 2848 &
886 2790 1246 2843 christianarum
1262 2791 1513 2844 Ditionum
1530 2795 1729 2860 Meique
1739 2796 1884 2846 vindi-

215 2880 429 2916 catorem
440 2863 643 2933 quisquis
659 2862 753 2931 agit
768 2901 782 2923 ,
795 2870 887 2925 jam
910 2861 1052 2911 vestra
1067 2898 1081 2921 ,
1102 2862 1154 2912 O
1171 2860 1372 2926 ludices!
1403 2861 1650 2928 praescripta
1663 2863 1879 2918 sententia

214 2935 435 2984 sacerrimi
448 2939 640 2986 Martis,
676 2936 729 2985 ὃ(
752 2930 998 2984 Sanffloris
1017 2928 1184 2979 militiae
1202 2932 1413 2981 meritum
1434 2930 1664 2996 prasefert.
1732 2931 1883 2995 vole-3

217 3018 298 3054 ant
314 3004 531 3057 Rebelles
541 3000 750 3056 Ecclesia:
764 3039 780 3060 ,
810 3005 866 3058 &
880 2996 1156 3052 heterodoxi
1182 2998 1416 3051 Ministelli
1429 3001 1487 3051 de
1499 3001 1574 3053 sua
1584 2998 1882 3066 ptaefcriptlo.

1052 3068 1086 3118 b
1102 3074 1141 3133 ἢ·
1175 3079 1206 3123 2
1734 3083 1816 3133 ne,
