2231 3428
1760 48 1810 83 u

256 152 691 238 Extinguenda
715 150 1005 222 timebas,
1028 163 1370 229 antequam
1395 167 1698 230 parerent,

599 238 866 302 Patitura
891 248 1048 293 tunc
1069 232 1329 312 quidem

376 316 495 382 Sed
557 335 725 382 raetcr
748 316 1025 377 tenebras
1047 312 1373 389 infortunii
1420 313 1600 382 nihik

413 400 502 466 Pu
533 402 700 464 sabas
727 395 969 462 Caelum
991 394 1317 472 precibus,
1349 398 1409 456 &
1431 392 1650 464 Votis,

271 476 358 548 Ut
373 481 739 563 Principum
768 480 1090 541 Parentem
1116 493 1388 539 cerneres
1408 480 1471 539 in
1489 473 1645 544 Filio
1662 522 1681 548 ,

412 569 623 642 Quem
644 563 848 629 Patriae
869 558 1112 621 Patrem
1137 558 1263 631 jam
1293 560 1540 621 colebas

779 643 846 703 In
865 640 1174 718 Principez

739 721 855 786 Sed
883 718 1208 783 incassum.

571 799 773 867 'Unus
846 801 941 860 ost
969 802 1134 862 varia
1159 796 1362 874 Vota,

619 877 775 948 ΤΗΙ
830 877 1086 946 NAEUS
1131 898 1256 945 erat
1274 928 1295 954 ‚

281 962 362 1033 ln
379 984 571 1049 quem
596 964 747 1039 jaeia
766 963 1008 1024 fiducia
1025 961 1223 1026 fidem
1250 982 1385 1026 non
1404 961 1672 1033 falleret,

486 1044 616 1112 Cui
641 1044 850 1107 fallere
874 1042 1073 1106 fidem
1099 1045 1225 1126 ipsa
1243 1045 1489 1108 noluisti

666 1121 959 1205 Templo
989 1128 1310 1204 promisso.

278 1209 569 1296 Figendae
593 1205 896 1269 nimirum
923 1207 990 1266 in
1029 1207 1678 1285 providumNumen‚

377 1296 733 1365 Nunquam
755 1286 1031 1428 falllllititqrae
1046 1284 1294 1348 fiduciae
1309 1292 1580 1361 Auctor,

871 1384 902 1427 e
950 1381 1158 1440 uerat,

350 1448 495 1536 Qui
510 1442 868 1531 Luminum
881 1446 1041 1506 Patri
1055 1449 1185 1508 hoc
1199 1448 1334 1528 ipso
1352 1449 1618 1521 charior,

737 1517 939 1595 Bo1co
953 1518 1214 1583 Mundo

698 1606 1036 1683 Impetrare
1062 1602 1276 1681 potuit

458 1684 846 1767 Magnorum
873 1679 1232 1747 Luminum
1258 1687 1514 1751 Patrem.

572 1764 838 1848 Replica*
855 1783 1034 1826 nunc
1053 1779 1203 1825 vota
1221 1762 1392 1840 Tua,

603 1845 863 1927 Lugens
892 1844 1353 1919 BAVARIA

330 1935 421 2005 Ut
445 1952 633 2019 quem
657 1930 980 1991 emmenso
996 1929 1416 1995 laudatissimo
1443 1931 1636 1997 Cursu
1673 1926 1682 1935 ’

371 2019 744 2100 Repetitum
768 2008 945 2072 doles
968 2006 1339 2094 Principum
1362 2013 1595 2082 Solem,

416 2099 559 2167 Fixa
583 2099 744 2160 inter
768 2089 960 2153 sidera
993 2092 1278 2157 locatum
1297 2096 1554 2169 sentias,

633 2172 709 2238 Et
738 2171 1067 2254 duplicato
1094 2177 1308 2249 jubare
1327 2223 1350 2251 ‚

662 2255 987 2321 chatum
1007 2257 1076 2318 in
1095 2253 1288 2324 Filio,

434 2343 760 2412 Servatum
778 2336 988 2399 videas
1010 2338 1077 2399 in
1093 2339 1274 2421 plura
1295 2339 1530 2408 saecula·

1055 2959 1093 3001 2
1665 2932 1837 2998 &rme
