2345 3428
933 177 1109 236 &833
1166 175 1356 236 ›iffwt
1407 178 1582 237 433&

423 320 524 365 non
535 303 708 365 firerat,
742 292 869 366 quod
882 294 1068 365 magnis
1089 293 1325 346 formidini
1347 297 1537 347 latratus
1560 291 1764 347 ellenon
1787 293 1979 356 soleant;
2017 307 2105 348 nec

426 376 515 428 illis
531 373 618 424 sele
628 370 801 426 moveri
811 363 1067 433 patiantur}
1107 379 1197 415 nec
1214 363 1425 435 generosi
1442 366 1503 417 ad
1525 364 1659 415 ullius
1680 365 1925 416 occursum
1936 380 2109 434 pavere

427 450 616 498 Leones
630 454 734 504 ,aut
750 449 927 500 capere
950 434 1130 485 muscas
1148 436 1450 485 consuescant
1470 455 1483 486 ε
1517 433 1579 485 fic
1596 432 1658 485 ad
1678 433 1969 501 loquendum
1986 432 2113 486 male

432 512 491 566 de
502 513 624 572 ullo,
649 524 707 559 ne
718 504 913 573 quidem
927 501 987 555 de
1001 504 1139 554 hoste
1150 543 1165 567 ,
1193 518 1424 576 magnum
1438 505 1556 556 lllius
1577 503 1796 555 inducere
1809 504 2114 570 nequiverant

431 586 641 635 animum
658 592 743 626 ora
766 571 997 625 maledica
1020 599 1032 632 3
1073 589 1164 628 nec
1187 574 1280 625 ulla
1299 588 1458 625 terrere
1478 575 1683 640 pericula
1707 610 1724 628 ,
1770 571 2117 641 quantumlibet

432 652 661 707 maxima,
697 645 774 710 qui
797 643 1184 711 mortemipsam,
1214 658 1263 694 ut
1275 646 1388 711 laepe
1401 658 1709 695 contemnere
1729 641 1879 712 potuit
1899 641 2116 691 minitan-

433 738 547 784 tem3
560 722 614 771 ira
628 713 737 764 letio
754 719 1016 764 venientem
1031 710 1250 781 intrepide
1262 711 1469 764 salutaisse
1483 719 1754 764 cernebatur
1765 724 1778 760 τ
1789 712 1983 765 fortunae
1996 712 2117 762 verb

432 807 521 843 nec
531 784 729 840 recundae
745 781 959 842 blandiri;
974 798 1061 834 nec
1075 783 1305 833 sinistram
1321 784 1421 833 ullo
1435 798 1563 834 metu
1576 783 1752 853 dignari
1766 821 1781 844 ‚
1793 782 1921 832 vultu
1939 782 2117 849 semper

434 853 586 924 aequali
597 854 841 921 utramque
855 852 1079 919 recipiens
1100 892 1115 916 ‚
1139 852 1435 920 eandemque
1459 853 1653 904 retinens
1672 853 1720 903 in
1744 850 1949 903 adversis
1972 851 2124 917 perso.

434 941 573 979 nam,
602 939 749 993 quam
767 921 1081 989 ptaeseletebat
1103 923 1150 973 in
1166 923 1388 988 prosperis
1404 936 1422 970 ε
1476 928 1663 984 Nempe
1686 922 1728 971 se
1739 922 1998 987 Principem
2013 919 2124 970 ideo

433 1010 597 1049 natum
610 993 894 1065 agnolcens‚
931 1009 1094 1045 utnon
1113 992 1298 1059 populis
1314 989 1494 1054 (olum,
1522 991 1601 1041 sed
1617 990 1813 1040 fortunae
1826 1005 2016 1059 quoque
2040 990 2126 1041 do.

434 1065 601 1118 minari
624 1079 725 1114 non
740 1063 940 1126 nesciat3
978 1078 1090 1115 tunc
1114 1076 1272 1113 autem
1294 1075 1539 1112 autumans
1551 1060 1730 1111 Herois
1743 1061 1787 1111 se
1812 1058 2021 1111 Nomine
2034 1060 2127 1128 dig·

435 1152 552 1187 num
567 1174 581 1198 ‚
616 1133 730 1187 etim
754 1134 937 1186 vincere
958 1135 1099 1183 semet
1113 1132 1159 1182 in
1186 1127 1416 1199 propitia,
1446 1129 1641 1182 infidam
1662 1146 1778 1182 vero
1800 1132 1989 1180 noverit
2010 1144 2130 1180 con.

436 1221 659 1258 temnere.
730 1205 785 1253 Et
795 1201 910 1271 quid
922 1203 981 1252 de
993 1201 1319 1270 Magnitudine
1332 1199 1520 1250 dixerim
1533 1202 1700 1254 animi,
1737 1214 1881 1264 quam
1906 1213 2035 1250 tanta
2050 1215 2129 1268 pet

436 1281 726 1346 Argumenta
736 1273 1011 1340 probavitin
1024 1269 1186 1332 fastu,
1214 1273 1327 1323 dum
1344 1286 1585 1337 nunquam
1598 1288 1698 1322 non
1717 1283 1893 1338 magna
1909 1269 2132 1335 patravit,

436 1361 518 1396 aut
539 1360 714 1415 magna
746 1341 966 1409 paravit?
1013 1340 1194 1410 optime
1216 1355 1386 1409 gnarus
1407 1379 1420 1404 ‚
1454 1355 1730 1408 magnarum
1757 1355 1989 1391 mentium
2010 1341 2132 1396 elle,

438 1417 617 1482 iemper
635 1414 813 1465 excelsa
839 1412 1077 1465 meditari,
1101 1412 1295 1480 grandia
1320 1411 1496 1476 semper
1513 1410 1663 1460 moliri
1685 1446 1702 1472 ,
1739 1409 1877 1477 seque
1898 1445 1912 1468 ,
1945 1412 2060 1458 dum
2086 1408 2135 1459 in

441 1487 628 1553 magnis
641 1484 931 1554 cogitatione
944 1483 1175 1536 versantur
1194 1485 1247 1535 ἃ
1270 1496 1412 1550 opere
1424 1516 1439 1533 ,
1461 1480 1644 1552 magnis
1660 1494 1853 1548 quoque
1866 1480 2030 1549 dignas
2045 1479 2133 1527 exi·

446 1554 634 1606 stimate
648 1594 661 1616 ,
687 1552 1040 1622 necquidquam
1057 1550 1148 1602 vile
1160 1587 1174 1611 ,
1209 1549 1388 1617 suoque
1402 1548 1588 1600 inferius.
1601 1551 1747 1619 gradu
1763 1549 1856 1601 sive
1870 1548 2129 1609 comittere,

447 1624 541 1677 sive
563 1624 832 1677 admittere.
932 1623 1055 1693 Quo
1085 1620 1197 1674 vero
1223 1622 1461 1685 preconio
1487 1636 1597 1671 eam
1626 1619 1948 1670 celsitudinem
1972 1619 2136 1669 mentis

447 1709 864 1747 commemorem,
901 1708 995 1759 qua
1021 1690 1392 1743 munificentiam
1412 1689 1768 1756 Magnificeniiae
1791 1692 1957 1752 junxit,
1988 1688 2137 1736 Forti-

447 1766 659 1817 tudinem
671 1766 862 1815 Fiduciae
877 1762 1067 1812 {ociavit
1080 1786 1093 1813 ;
1135 1760 1434 1806 aemulatione
1446 1753 1666 1803 laudabili
1679 1759 1912 1804 maximos
1922 1771 2137 1822 quosque

449 1836 655 1892 superare
671 1842 870 1879 conatus
883 1862 898 1879 ,
925 1824 1197 1887 neminique
1214 1820 1476 1873 maturitate
1496 1820 1702 1874 consilii,
1741 1823 1813 1872 vel
1836 1825 2137 1892 exequendo.

451 1917 553 1949 rum
572 1900 734 1948 ardore
750 1930 764 1953 ,
801 1890 972 1954 Justitizi
988 1930 1001 1954 ,
1024 1896 1076 1945 ὃ(
1093 1889 1366 1951 Prudentia,
1390 1890 1567 1941 Pietate
1588 1928 1602 1944 ,
1631 1894 1683 1944 r&
1706 1891 1960 1960 Religione
1982 1895 2141 1946 secun..

452 1980 568 2020 dum
585 1971 626 2017 le
650 1967 738 2016 esse
757 1963 1028 2015 concedens
1047 1961 1068 2008 ἔ
1099 1959 1312 2012 Vestrtim
1331 1962 1432 2011 hoc
1449 1959 1793 2030 eritagnoscere
1807 1963 1839 2014 ὁ
1857 1963 1965 2014 Divi
1984 1972 1993 2014 !
2039 1970 2138 2013 Ma.

446 2041 753 2109 gnanzmitatia
770 2033 945 2099 quippe
957 2030 1209 2081 nobiliores
1221 2029 1307 2080 has
1322 2044 1472 2096 partes
1484 2031 1637 2081 vestris
1660 2030 1709 2082 in
1724 2033 2008 2084 Nominibus
2028 2035 2137 2103 geri-

456 2114 502 2161 ῃ(
514 2148 528 2171 ,
538 2113 589 2162 bt
602 2119 770 2155 omnes
780 2117 892 2152 cum
906 2100 1200 2151 Nominibus
1211 2101 1360 2151 vestris
1373 2096 1576 2149 indidisse
1597 2099 1817 2152 videmini
1835 2105 2142 2152 Maximiliano

457 2177 668 2239 Secundo,
708 2171 881 2224 idcirc&
908 2170 1014 2233 vere
1038 2171 1347 2218 Maximiliano
1370 2205 1385 2224 ,
1423 2168 1534 2238 quia
1557 2172 1666 2221 nulli
1687 2175 2054 2238 Magnanimstate
2077 2173 2142 2227 se·

457 2248 636 2302 cundo,

560 2316 652 2368 Sed
666 2328 754 2365 nec
768 2316 934 2361 Pietate
945 2314 998 2366 ὅτ
1011 2312 1241 2375 Religione,
1257 2324 1305 2361 ut
1315 2308 1539 2361 dixeram.
1611 2310 1837 2363 Praesefert
1848 2310 1934 2362 has
1946 2327 2143 2384 magnas

459 2386 708 2439 Christiani
730 2381 902 2436 Herois
915 2379 1210 2433 conditiones
1234 2392 1367 2433 tuum
1382 2378 1582 2431 Nomen
1598 2382 1834 2442 Emanuel,
1860 2398 2005 2448 quem
2027 2387 2144 2433 inter

462 2470 738 2526 purpuratos
753 2489 764 2502 .
786 2452 933 2519 sparlo
952 2468 1036 2519 pro
1049 2447 1140 2500 fide
1161 2449 1384 2519 languine
1409 2449 1623 2508 nobiles,
1657 2467 1898 2502 veneratur
1921 2452 2142 2505 Ecclesia.

463 2536 547 2586 (c)
584 2524 810 2573 Nobiscum
824 2529 938 2570 Deus
958 2520 1141 2575 vertitur
1160 2518 1258 2569 hoc
1274 2521 1500 2581 Nomen3
1539 2535 1782 2588 nunquam
1806 2536 1963 2573 autem
1985 2523 2032 2573 id
2059 2520 2139 2572 fibi

467 2613 569 2648 non
589 2595 770 2645 asserere
787 2606 978 2658 poterat
999 2604 1199 2657 magnus
1217 2589 1430 2637 Emanuel
1446 2625 1461 2651 ‚
1503 2589 1582 2658 qui
1610 2594 1766 2641 Deum
1792 2591 1968 2661 semper
1989 2593 2142 2642 secum

464 2666 657 2717 fuisse&
674 2662 990 2728 experiebatur
1005 2660 1176 2709 auxiliis
1190 2694 1205 2712 ,
1230 2661 1282 2712 ὃ(
1298 2659 1455 2709 mereri
1473 2658 1702 2710 studuerat
1722 2676 1831 2711 cum
1849 2667 1958 2711 Deo
1968 2663 2143 2729 semper

462 2731 797 2803 religioiissimo
813 2739 939 2783 cultu
965 2727 1207 2783 versando,
1306 2730 1549 2779 Testentur
1571 2730 1840 2796 pavimenta
1855 2766 1870 2782 ‚
1913 2733 1957 2780 in
1981 2731 2144 2799 quibus

462 2806 682 2870 prosterni
701 2796 1214 2854 consueveratdemisso
1233 2797 1280 2848 in
1299 2813 1464 2848 terram
1477 2802 1606 2849 vultu
1625 2834 1641 2852 ,
1683 2800 1889 2851 velatum
1916 2801 1995 2850 sub
2016 2800 2147 2850 Panis

466 2874 615 2942 specie
629 2879 787 2921 Deum
801 2867 1122 2938 recepturusin
1135 2869 1322 2935 Synaxi.
1368 2867 1828 2937 Testenturcompita
1844 2906 1858 2932 ‚
1871 2868 2051 2938 viaeq'ue
2064 2871 2149 2919 cir.

470 2960 584 2997 cum
595 2945 772 2993 moenia
787 2944 938 3012 longae
948 2977 964 2995 ,
980 2953 1059 3009 per
1073 2953 1189 3006 quas
1203 2936 1528 3009 Religiositatis
1546 2940 1590 2988 in
1603 2940 1843 3006 exemplar
1853 2975 1868 3001 ,
1889 2939 2146 2991 subducen.

1958 3013 2078 3061 tibus

583 3091 660 3146 (c)
690 3100 752 3130 26.
773 3091 910 3131 Martii
933 3093 1040 3141 iuxta
1054 3092 1164 3126 Mart.
1174 3092 1270 3133 liena
