2231 3428
822 78 1001 137 {32:283}
1058 79 1092 132 )(
1120 77 1177 136 ffi
1207 77 1244 130 )(
1302 73 1477 134 ffiffi

258 207 361 257 lum
387 212 715 272 argumentum
732 236 746 260 ‚
768 195 959 265 ejusque
984 194 1260 248 divisionem
1294 193 1588 245 manifestare
1619 191 1672 243 sit
1695 193 1872 257 visum;
1921 203 2065 266 Argu-

262 289 477 327 mentum
491 270 632 340 porro
648 271 734 320 toti
746 270 847 320 vitae
859 266 1008 317 cursui
1020 265 1304 335 explicando
1316 260 1542 314 idoneum
1557 266 1738 314 nullum
1753 265 1904 335 magis
1924 267 2064 319 vide-

266 343 604 397 baturAufiori
643 348 793 398 (totus
809 335 1323 401 enimlaborunicapiti
1341 333 1575 394 incubuit)
1612 333 1757 401 quam
1775 333 2068 404 desumptum

265 429 325 465 ex
348 412 447 482 ipso
463 425 675 478 tempore
696 447 709 470 ‚
733 409 889 462 hora,
921 411 976 460 ὅτ
999 405 1162 475 signo,
1185 407 1230 454 in
1243 420 1343 473 quo
1369 401 1572 455 decessus
1591 403 1681 468 ipse
1702 404 1960 456 tristissimus
1985 413 2070 457 Ba-

266 486 446 537 variam
468 479 739 532 funestavitz
777 476 1004 532 Occiduo
1020 476 1194 594 quippe
1209 476 1348 530 Sole,
1381 478 1431 528 ἃ
1451 476 1524 525 vix
1536 472 1717 546 signum
1743 473 1957 526 ultimum
1972 474 2069 525 Zo.

268 552 388 606 diaci
399 552 596 618 ingresso
609 548 906 600 occumbens
916 545 1086 599 Serenil
1110 544 1229 595 imus
1246 582 1258 605 ‚
1285 547 1347 595 uti
1361 560 1526 595 revera
1543 544 1658 594 inter
1673 545 1898 610 Principes
1913 545 1973 594 lui
1988 547 2074 597 aevi

270 639 367 676 erat
381 660 395 686 ‚
414 620 546 691 quod
568 625 684 669 inter
703 618 918 669 Planetas
936 655 950 679 ‚
975 619 1028 670 ὅτ
1050 613 1194 665 sidera
1212 615 1407 666 Phaebus
1427 651 1442 669 ,
1461 615 1521 664 ita
1544 613 1852 666 occasionem
1871 614 2076 682 suppedi-

269 709 365 746 tare
388 691 635 760 putabatur
649 689 730 738 sub
750 687 983 757 Allegoria
1007 685 1220 738 SOLIS,
1254 685 1331 751 qui
1344 700 1501 734 totum
1516 687 1829 734 Heroicarum
1841 684 2076 739 Virtutum

269 763 544 819 Zodiacum
558 758 782 808 duodena
797 758 1040 826 perlustra
1056 752 1365 805 laudatissime
1389 753 1601 806 emensus
1622 751 1769 803 fuerat
1783 792 1796 814 ‚
1819 755 1872 805 ὃ(
1889 753 2079 807 tandem

271 826 647 897 inultimosigno
665 828 895 879 seulustro
907 825 1132 877 occasum
1156 842 1254 875 non
1277 823 1543 884 abhorruit,
1581 826 1767 883 Dotes,
1806 822 2079 891 cursumque

273 904 429 956 vitaein
443 900 664 965 prospera
684 897 815 967 aeque
831 913 889 951 ac
903 894 1097 949 adversa
1109 892 1294 944 fortuna
1306 930 1320 948 ,
1340 894 1607 945 mirandum
1619 930 1633 954 ‚
1647 893 1889 946 nonnihil,
1914 897 1966 947 ὅ(
1979 895 2082 945 obi.

271 989 340 1026 ter
349 971 505 1040 potius
518 966 844 1038 perstringendi
862 1006 875 1030 ‚
917 966 1061 1036 quam
1077 963 1377 1016 describendi.

375 1040 590 1094 Nectale
617 1052 949 1107 argumentum
970 1035 1079 1102 apte
1101 1050 1182 1100 per.
1204 1033 1471 1084 interiorem
1485 1029 1676 1098 Templi
1691 1031 1924 1084 ambitum
1941 1033 2083 1085 distri-

274 1112 415 1163 buere
430 1106 619 1161 difficile
644 1123 740 1158 erat
765 1146 778 1170 ‚
815 1107 962 1172 ipsum
990 1106 1117 1156 enim
1147 1103 1246 1153 hoc
1268 1101 1479 1156 docebat
1499 1103 1787 1167 Templum,
1814 1119 1906 1159 nec
1933 1106 2084 1155 ullum

275 1181 444 1232 melius
467 1216 481 1233 ,
517 1177 661 1246 quam
684 1177 782 1227 hoc
802 1177 930 1226 idem
954 1175 1087 1225 Divo
1113 1171 1472 1234 CAJETANO
1499 1172 1567 1221 ob
1596 1170 1886 1238 impetratam
1912 1174 2088 1226 abhoc

273 1246 324 1301 T
325 1256 652 1318 haumaturgo
688 1246 1002 1298 Nativitatem
1039 1242 1488 1294 MAXIMILIANi
1527 1241 1900 1294 EMANLIELIS
1935 1243 1962 1294 a
2007 1246 2086 1295 Se-

273 1318 513 1371 reniflimis
536 1323 640 1382 Ejus
660 1314 924 1365 Parentibus
938 1329 995 1364 ex
1015 1328 1137 1364 voto
1162 1326 1488 1377 nuncupatum
1504 1346 1518 1363 ,
1563 1313 1616 1361 ὃς
1639 1309 1688 1357 in
1710 1325 1883 1362 aeternae
1905 1312 2088 1380 gratitu.

275 1389 394 1440 dinis
405 1391 777 1439 Monumentum
789 1385 1003 1436 ereetum
1013 1398 1113 1433 tam
1126 1379 1361 1447 splendide
1372 1416 1386 1440 ,
1432 1395 1480 1429 ut
1493 1379 1688 1428 cernitur
1702 1402 1713 1433 3
1725 1380 1947 1441 maxime,
1973 1382 2088 1434 cum

274 1458 472 1527 idipsum
492 1457 693 1520 recipere
709 1453 926 1504 debuerit
947 1452 1172 1503 denatum
1185 1491 1198 1513 ,
1223 1450 1291 1502 ob
1307 1465 1450 1516 quem
1465 1463 1628 1498 natum
1643 1447 1669 1497 e
1683 1447 2089 1503 l‘undamentisna-

275 1529 500 1583 scebatur.
572 1526 647 1577 Sic
657 1526 829 1591 quippe
838 1538 996 1573 ortum
1012 1537 1189 1588 ponere
1201 1520 1313 1570 huic
1323 1517 1423 1569 Soli
1439 1518 1610 1570 licebat
1621 1515 1668 1565 in
1683 1532 1745 1565 eo
1761 1521 1918 1586 templi
1935 1526 2092 1585 latere,

275 1595 407 1670 quod
427 1601 569 1647 Aram
589 1595 754 1644 saneto
781 1593 900 1642 Patri
920 1590 1112 1641 Sacram
1136 1587 1382 1650 continet;
1431 1586 1547 1637 Inde
1570 1585 1801 1638 deducere
1816 1588 1995 1640 cursum
2012 1606 2094 1657 per

277 1664 537 1722 duodecim
556 1663 683 1735 signa
715 1660 910 1714 Zodiaci
933 1659 994 1711 ad
1012 1659 1278 1709 inferiorern
1304 1696 1318 1713 ,
1364 1673 1568 1724 eamque
1594 1656 1861 1725 longiorem
1881 1659 2096 1712 Ecclefiae

276 1752 483 1809 partem,
509 1735 554 1784 in
571 1750 672 1803 quo
688 1732 884 1782 totidem
896 1729 1044 1798 spatia
1057 1745 1274 1799 congrua
1289 1727 1597 1796 reperiuntur,
1635 1741 1734 1793 quae
1750 1725 2096 1780 duodenislust‹

275 1811 357 1872 ris,
394 1805 459 1857 uti
483 1805 620 1874 signis
640 1801 862 1863 serviant,
899 1816 1056 1868 praeter
1084 1799 1156 1849 sex
1172 1805 1339 1853 Arcus,
1378 1799 1424 1848 in
1446 1795 1611 1862 quibus
1634 1794 1845 1847 Heroi-ca
1863 1797 1993 1849 faeta
2018 1814 2096 1867 ap,

276 1878 621 1952 penderentur;
656 1872 802 1923 Lateri
826 1908 837 1926 ,
868 1871 914 1919 in
947 1886 1047 1937 quo
1065 1871 1209 1919 Ortus
1229 1867 1595 1920 constituebatur
1613 1901 1629 1918 ,
1664 1865 1791 1916 aliud
1816 1865 1843 1917 ὲ
1872 1865 2101 1919 diametro

279 1943 563 2019 respondens
588 1983 601 2006 ‚
646 1946 698 1997 ὃς
716 1948 858 1990 Aram
881 1941 1093 2005 Deiparae
1109 1937 1336 2005 praecipue
1350 1974 1366 1999 ,
1400 1936 1584 2001 totique
1603 1933 1751 1986 Sacrae
1772 1937 1941 1989 Christi
1976 1954 2102 2006 pro-

281 2020 416 2087 sapiae
438 2015 659 2066 sacratam
674 2012 924 2063 continens
937 2046 948 2067 .
969 2010 1191 2059 occasum
1206 2009 1281 2059 vel
1297 2007 1409 2057 ideo
1426 2004 1652 2070 aptiffime
1676 2005 1924 2072 recipiebat
1940 2046 1952 2068 ‚
1976 2004 2106 2074 quod

285 2092 367 2141 sub
377 2091 548 2139 Tutela
561 2080 888 2151 gloriosissimae
903 2079 1061 2128 Matris
1072 2076 1263 2147 Virginis
1276 2076 1460 2128 felicem
1474 2073 1733 2124 clausulam
1753 2076 1853 2127 vitae
1868 2075 1948 2126 fibi
1970 2093 2103 2127 tanto

288 2157 458 2212 certius
471 2151 807 2205 Devotillimus
819 2147 981 2198 Eidem
994 2147 1208 2215 Princeps
1223 2146 1490 2214 promiserat
1502 2182 1514 2204 ‚
1538 2159 1722 2211 quanto
1738 2146 2106 2210 potentissimurn

292 2232 397 2294 Ejus
416 2222 667 2295 praesidium
684 2223 729 2270 in
744 2220 833 2270 vita
849 2218 1059 2278 senserat,
1083 2221 1136 2270 ὃ(
1154 2217 1325 2267 mereri
1338 2217 1584 2270 studuerat.
1671 2215 1891 2283 Denique
1905 2252 1919 2270 ,
1939 2232 2105 2283 quem·

293 2294 565 2351 admodum
589 2294 752 2342 Solem
784 2288 925 2340 veluti
952 2288 1177 2355 sepultum
1198 2286 1412 2354 fingimus
1435 2322 1448 2338 ,
1496 2282 1612 2334 dum
1638 2285 1684 2334 in
1716 2285 1970 2355 Hypogaeo
1989 2286 2106 2336 deti.

294 2382 426 2422 netur
443 2404 457 2428 ,
496 2366 555 2414 ita
579 2376 682 2428 pars
704 2360 782 2410 illa
804 2359 997 2424 Templi
1021 2396 1034 2418 ‚
1081 2373 1222 2424 quam
1246 2355 1466 2407 Chorum
1490 2393 1503 2414 ,
1531 2358 1582 2407 ὃ(
1600 2354 1935 2420 Presbyterium
1958 2356 2106 2426 vulgo

297 2435 604 2490 nominamus
631 2467 644 2485 ,
691 2434 744 2483 ὅτ
767 2434 863 2479 Ara
891 2427 1104 2478 Maxima
1128 2465 1141 2489 ‚
1191 2443 1249 2479 ac
1272 2424 1569 2475 Eucharistici
1602 2426 1820 2477 Numinis
1846 2427 2107 2477 sacrarium

300 2520 509 2574 occupat
535 2539 547 2553 .
596 2499 752 2551 servire
773 2497 933 2548 debuit
950 2498 1116 2547 ultimae
1137 2496 1402 2549 conditioni
1429 2494 1681 2563 Allegorici
1702 2494 1884 2546 SOLIS
1926 2496 2067 2546 nollri
2093 2533 2108 2556 ,

303 2592 454 2648 quam
473 2574 577 2643 post
597 2569 839 2622 Occasum
850 2570 1035 2618 obtinet
1051 2604 1064 2628 ‚
1100 2582 1263 2632 utpote
1278 2567 1324 2616 in
1341 2580 1433 2632 qua
1452 2563 1666 2615 tumulari
1680 2563 1831 2615 voluit
1845 2601 1859 2618 ,
1890 2564 2112 2632 die'mque

303 2650 433 2699 illam
461 2641 696 2712 exspedtat
715 2674 732 2695 ,
790 2655 885 2707 qua
920 2637 1151 2708 resurgere
1172 2636 1301 2688 fuerit
1317 2636 1447 2702 jussus
1467 2633 1528 2683 ad
1552 2634 1972 2686 immarcellibilem
1992 2635 2110 2704 glo-

302 2733 431 2770 narn.

421 2786 715 2855 Argumento
736 2780 796 2831 ita
816 2777 1289 2847 quadripartitoquta
1303 2789 1525 2845 quaterna
1548 2774 1707 2842 templi
1719 2775 1857 2841 spatia
1872 2812 1890 2836 ‚
1923 2778 1974 2828 ὅ(
1991 2774 2113 2826 Solis

307 2858 469 2912 diurna
490 2867 738 2919 tempora3
776 2851 998 2919 Qatuor
1014 2849 1135 2897 illius
1159 2848 1324 2908 Ortui,
1348 2851 1399 2899 ὃ(
1426 2860 1650 2915 quaterna
1669 2844 1873 2896 Occasui
1894 2845 2112 2912 symbola

308 2943 421 2982 cum
432 2921 669 2994 suppositis
685 2920 1063 2988 lnlcrtptionibus
1087 2916 1341 2977 dabantur;
1362 2913 1585 2967 duodena
1605 2914 1830 2974 Mendici,
1855 2916 1928 2964 seu
1941 2916 2113 2965 Zodia.

306 3008 373 3055 co
397 3033 416 3064 ,
438 2995 702 3056 &octona
718 2991 962 3060 quiescenti
986 2989 1031 3038 in
1056 2990 1241 3038 tumulo
1255 3023 1270 3049 ,
1309 3001 1397 3036 ceu
1421 2989 1665 3038 nocturno
1691 2984 1904 3054 tempori.
2002 2987 2114 3035 Sin-

401 3065 404 3068 ’
1924 3054 2042 3125 gulis
