2293 3428
721 193 895 252 {effi}
950 199 991 252 )(
1019 193 1078 252 ’Β
1104 195 1147 252 1(
1204 195 1386 256 ἐᾶθ’

207 321 319 359 vero
330 308 488 362 Media
508 311 720 382 praeeligit
736 311 900 363 caeteris
913 349 929 375 ,
945 309 1109 379 quibus
1125 310 1232 367 &se
1251 348 1266 368 ,
1290 315 1345 369 &
1363 311 1525 367 omnia
1542 316 1613 371 sua
1629 336 1873 396 nunquam

202 378 399 431 fallitura
425 382 655 431 lecuritate
677 388 889 435 tueatur?

316 451 369 498 Et
385 449 632 519 quodnam
656 448 780 500 aliud
795 450 950 501 dixero
974 448 1242 503 certioribus
1261 466 1464 509 certum,
1489 453 1632 522 quam
1651 454 1786 516 intua
1802 483 1865 519 re·

199 531 382 582 petrum
395 524 534 571 tutela
555 522 607 570 Ο
628 521 840 570 MARrA
859 529 870 574 ε
892 536 991 587 quae
1001 523 1077 572 Te
1099 522 1364 573 colentibus
1375 538 1619 591 nunquam
1632 523 1775 582 deeffe
1785 553 1871 588 voe

196 585 313 637 luisti
335 591 512 654 potenti
534 587 737 656 praesrdio
751 628 766 652 ‚
789 593 1069 642 &materno
1092 589 1320 641 subsidio?
1355 595 1528 644 studuit
1537 595 1753 661 profesto
1764 600 1868 655 inte.

195 660 397 726 gerrimo
408 673 651 726 nunquam
667 675 767 709 non
781 661 907 709 cultu
920 660 1017 711 hoc
1026 660 1117 710 Sibi
1129 663 1376 727 promereri
1393 664 1609 716 Heroum
1632 664 1841 738 Princeps
1855 713 1873 736 ‚

197 741 364 779 amore
385 743 581 796 quoque
603 728 731 779 filiali
751 729 861 779 nulli
888 729 1109 780 secundus
1132 766 1148 791 ,
1194 745 1492 800 quamquam
1518 749 1620 785 non
1644 733 1754 796 filii,
1797 740 1871 795 secl

195 795 371 848 clientis
395 797 540 847 infimi
566 803 760 848 Nomen
783 797 905 847 Illius
938 797 1169 849 modestia
1193 802 1363 868 gestare
1387 801 1588 854 voluerit
1616 840 1632 867 ,
1665 812 1875 862 renouati

196 865 533 936 Chirographo
547 870 646 916 voti
664 867 711 916 in
737 866 1223 920 reverentiaetesseram
1241 908 1254 931 ,
1291 869 1621 925 &humilitatis
1633 888 1876 943 argumen-

192 950 294 985 tum
314 935 438 987 nulla
460 935 685 1000 dignitatis
703 935 969 997 adjeftione
988 936 1266 1004 subscriptus,
1337 941 1584 1012 singulare
1606 944 1798 1012 quidem
1819 962 1880 998 ex

194 1020 300 1055 toto
319 1022 420 1055 non
442 1004 590 1066 fit,ad
610 1006 761 1056 lolum
783 1010 999 1055 MARIAE
1017 1006 1330 1057 dulcissimum
1343 1025 1526 1060 nomen
1542 1012 1667 1079 super
1686 1013 1729 1063 se
1745 1019 1878 1083 rapi3

193 1075 254 1125 de
265 1078 372 1125 Tua
388 1076 654 1126 Clementia
669 1076 887 1125 lubenter
900 1076 1141 1126 sermones
1156 1091 1434 1142 contexere3
1465 1083 1578 1131 Tuo
1592 1083 1795 1149 praesrdio
1814 1088 1879 1137 se*

191 1146 234 1194 se
255 1159 408 1194 totum
419 1144 729 1206 commistum,
743 1143 820 1195 Te
834 1160 1108 1216 protegente
1123 1144 1546 1200 lummislervatum
1564 1152 1621 1200 de
1635 1154 1849 1219 periculis
1860 1194 1876 1219 ,

189 1219 241 1267 ὃς
255 1229 499 1280 nunquam
513 1214 714 1264 fefellisse
729 1212 954 1265 fiduciam
979 1221 1107 1267 luam
1123 1215 1167 1264 in
1183 1218 1255 1266 Te
1276 1217 1526 1280 repositam
1543 1226 1702 1284 palam
1719 1223 1877 1285 fateri;

189 1284 340 1335 indies
353 1300 396 1333 te
410 1284 511 1333 Caeli
527 1284 756 1353 Reginam
769 1285 1065 1352 mysticarum
1087 1285 1201 1335 serto
1224 1290 1425 1338 rol-arum
1445 1292 1495 1342 δε
1508 1298 1749 1344 coronare
1765 1328 1780 1346 ,
1819 1297 1875 1348 ὃς

189 1355 406 1407 coronari
422 1353 596 1414 facere,
611 1354 810 1421 iplomet
827 1355 1004 1421 plebeis
1020 1355 1080 1404 ad
1095 1371 1178 1405 arae
1200 1356 1456 1407 scabellum
1478 1375 1580 1409 non
1598 1362 1694 1411 raro
1722 1363 1876 1427 praeci·

189 1439 352 1476 nente:
379 1424 556 1491 quin&
574 1424 764 1474 labbara
785 1437 859 1473 tua
875 1423 1051 1475 illibate
1064 1424 1265 1477 servaret
1294 1425 1875 1497 singularia,inquam,ex

188 1509 296 1545 toto
309 1509 409 1542 non
422 1492 504 1542 sint
521 1513 532 1542 ε
568 1492 994 1544 characteristicum
1006 1510 1129 1547 certe
1156 1497 1464 1544 Maximiliano
1479 1502 1703 1548 Emanueli
1720 1504 1876 1553 cense.

189 1579 260 1613 tur
275 1562 453 1613 Natalis
475 1563 536 1612 lui
551 1563 759 1613 solennia
781 1569 986 1627 nonjam
1008 1565 1052 1615 in
1068 1564 1213 1629 epulis
1230 1603 1243 1626 ,
1276 1570 1330 1620 ὅ(
1351 1567 1611 1620 conviviis,
1638 1587 1735 1621 non
1757 1572 1874 1623 inter

187 1634 454 1700 spectacula
470 1671 483 1693 ,
509 1635 561 1685 ὃ(
574 1632 850 1702 magnificos
864 1632 1000 1683 ludos
1012 1672 1026 1695 ,
1050 1650 1150 1684 non
1161 1648 1239 1700 per
1250 1636 1671 1702 comprecatione5‚
1689 1644 1742 1695 ὃς
1757 1655 1876 1693 vota

188 1703 477 1769 populorum
496 1736 511 1753 ,
539 1716 586 1749 ut
611 1704 884 1765 plerumque
906 1703 1058 1752 solent
1076 1708 1230 1772 Reges
1251 1708 1304 1758 ὃ(
1330 1705 1585 1773 Ριὶηςίρεε,
1613 1709 1712 1763 sed,
1737 1711 1874 1778 Syrio

186 1774 292 1823 licet
311 1769 585 1819 dominante
600 1805 613 1826 ,
638 1764 796 1815 annua
809 1769 1178 1834 peregrinatione
1191 1773 1251 1818 ad
1261 1775 1627 1828 Sacratissimum
1641 1779 1877 1832 Sacellum

188 1843 518 1909 Oeringanum
541 1871 556 1889 ,
591 1832 912 1896 exemologesr
937 1872 951 1895 ‚
986 1841 1036 1887 δι
1062 1834 1186 1884 sacra
1206 1838 1412 1902 synaxi,
1449 1855 1506 1890 ac
1532 1840 1776 1896 diutislime
1808 1847 1873 1897 ad

190 1915 332 1961 Aram
358 1921 488 1957 tuam
513 1903 876 1971 procumbendo
897 1900 1137 1954 celebrasse
1159 1939 1174 1963 ,
1222 1901 1354 1971 quod
1383 1905 1484 1957 raro
1506 1907 1653 1958 solent
1670 1945 1686 1962 ,
1729 1911 1876 1969 etiam

194 1980 360 2046 pauci,
375 1979 487 2026 inter
501 1979 678 2042 Reges,
704 1976 755 2026 ὃ(
773 1972 1012 2039 Principes.
1105 1974 1169 2022 Sit
1183 1973 1288 2023 licet
1309 1973 1444 2026 labor
1464 1975 1656 2046 exiguus
1674 1981 1874 2048 reperire

187 2046 504 2114 scaturiginem
515 2047 626 2093 tanti
648 2039 869 2105 affectus,
894 2041 1218 2108 &obsequiosi
1239 2045 1436 2099 amoris,
1464 2044 1495 2093 s1
1511 2046 1618 2096 Tibi
1644 2082 1659 2100 ,
1682 2049 1879 2102 sacraris.

188 2117 303 2167 sima
317 2118 466 2185 Virgo
482 2152 494 2175 ,
518 2113 743 2164 devotam
755 2113 935 2179 semper
953 2127 1010 2162 ex
1030 2112 1211 2180 integro
1227 2112 1566 2165 Sereniffimam
1578 2117 1772 2187 Stirpem
1787 2125 1879 2175 Ba«

189 2187 398 2236 vaticam
415 2183 724 2250 contemplari
738 2183 983 2243 voluerim,
1004 2181 1290 2233 haereditatio
1300 2188 1579 2251 quippejure
1601 2187 1875 2249 transnssein

192 2257 356 2308 Pinum
371 2294 384 2316 ‚
410 2270 554 2305 nemo
567 2270 668 2302 non
682 2252 829 2310 dicet;
863 2268 962 2320 quis
983 2267 1139 2301 autem
1160 2267 1237 2302 me
1256 2253 1448 2322 arguat,
1487 2255 1518 2302 sl
1543 2257 1771 2310 adstruere
1790 2276 1875 2311 au.

192 2330 354 2387 deam,
380 2340 486 2373 eum
503 2338 697 2391 quoque
719 2322 975 2387 profluxifle
994 2335 1049 2370 ex
1076 2319 1239 2372 Eidem
1260 2323 1412 2373 indito
1439 2325 1654 2378 Nomine
1675 2343 1784 2383 tuo,
1819 2329 1873 2380 O

195 2398 406 2444 MARIA
427 2403 437 2447 !
462 2392 594 2460 quod
622 2395 747 2438 Mare
768 2396 932 2438 Amoris
949 2389 1229 2441 nonnemini
1244 2391 1377 2442 sonat
1396 2428 1411 2446 ,
1438 2408 1485 2442 ut
1505 2396 1578 2444 vel
1602 2398 1674 2446 Eo
1700 2397 1872 2450 soloin

193 2465 279 2515 Tui
295 2478 510 2514 amorem
528 2458 840 2512 effervesceret
853 2500 866 2522 ‚
903 2460 980 2528 qui
994 2460 1136 2510 otiose
1149 2459 1262 2510 lllud
1274 2477 1479 2528 unquam
1493 2465 1665 2533 gestare
1679 2465 1873 2516 erubuis-

193 2536 253 2585 set
278 2573 289 2592 ,
329 2547 568 2599 nunquam
591 2531 701 2581 vero
714 2527 937 2580 destiterat
962 2528 1220 2580 imitatione
1242 2528 1449 2600 singulari
1472 2549 1535 2583 eo
1556 2532 1642 2583 sele
1661 2532 1786 2583 haud
1807 2537 1871 2584 in.

194 2606 388 2675 dignum
407 2604 618 2669 probare,
688 2602 760 2650 fist
779 2602 873 2651 hoc
900 2600 1251 2650 Sacratislimam
1283 2605 1482 2653 Nomen
1503 2607 1775 2663 Beneficentiae
1803 2621 1875 2655 0-

194 2691 306 2727 men
321 2713 332 2732 ‚
360 2674 466 2741 quia
492 2674 625 2717 Stella
653 2673 836 2733 Benefica
852 2671 1061 2728 vertitur,
1089 2678 1151 2726 (a)
1170 2669 1268 2719 imo
1282 2675 1666 2738 Maregratiarmn
1676 2692 1699 2727 ;
1731 2690 1778 2723 ut
1789 2678 1871 2724 Be..

195 2744 440 2795 ineficentia
460 2741 612 2799 igitur,
628 2754 713 2790 ceu
729 2742 867 2808 Regia
883 2741 993 2790 dote
1018 2740 1218 2807 Regium
1242 2740 1341 2791 hoc
1363 2740 1439 2791 sibi
1464 2748 1658 2792 Nomen
1688 2742 1869 2812 magia,

199 2816 440 2881 magisque
453 2798 736 2870 desponsaret
751 2845 766 2862 ,
791 2809 1001 2874 pronuba
1013 2807 1205 2875 pietate,
1222 2809 1401 2874 auspice
1421 2826 1618 2873 amore,
1640 2810 1872 2880 ipssastellzi
1896 2872 1903 2878 ·

200 2872 428 2951 hymenaei
441 2885 564 2932 faces
582 2881 831 2945 supplente,
847 2879 1032 2945 Regiam
1044 2876 1256 2944 profecto
1270 2877 1349 2927 sibi
1367 2879 1599 2946 propriam
1612 2879 1782 2945 semper
1796 2885 1870 2935 Be.

198 2951 494 3002 nelicentiam
515 2950 690 3010 voluit,
725 2950 798 2999 vel
811 2945 1174 3065 munificentiam
1193 2947 1361 3000 dicam.
1430 2951 1682 3000 Ennarrent
1701 2964 1872 3016 paupeq

1137 3023 1174 3079 ἦ·
1699 3034 1800 3069 rum

333 3100 387 3154 (a
402 3110 411 3146 >
449 3105 502 3139 Ex
520 3102 649 3155 interp.
660 3095 766 3142 sand,
