2345 3428
896 163 1119 222 435³
1174 161 1589 226 ›mmsfflffi

452 289 627 343 feritate
637 283 837 341 leonina.
904 280 962 330 Et
972 278 1137 347 quoad
1156 277 1428 348 -lacrilegum
1448 278 1646 332 noscatis
1661 278 1870 330 animum
1885 317 1899 342 ,
1935 285 2116 347 Integer·

455 357 738 420 rimiJudipes
747 372 770 408 ;
808 364 868 399 en
887 348 1119 414 dejectam
1130 350 1331 400 millenis
1351 349 1529 410 inlocis
1542 347 1830 400 Mahometis
1853 350 2008 419 magni
2032 354 2120 399 Re-

452 418 674 499 ligionepn'
687 459 702 484 ,
723 419 876 472 eversa
887 419 1231 487 quamplurima
1244 419 1374 481 fana,
1384 422 1438 473 &
1457 419 1636 471 violata
1654 416 1830 484 lmperii
1851 420 1990 468 nostri
2011 424 2122 481 Jura

456 491 663 551 violenta
676 485 867 543 summa*-
933 488 1070 555 Qn
1092 487 1235 540 etiam
1250 526 1265 549 ,
1298 502 1388 539 ceu
1409 504 1513 539 non
1543 487 1751 557 poruisset
1763 487 1935 553 expleri
1963 488 2122 539 laevitia

457 568 569 617 dura
581 559 788 620 damnis,
812 556 949 609 nobis
960 558 1131 623 abipso
1144 558 1278 608 illatis
1302 595 1317 619 ‚
1352 558 1497 627 quarn
1513 558 1717 608 immane
1732 594 1746 618 ,
1789 556 2026 623 quantave
2041 571 2123 622 pa:-

456 651 516 688 na
532 633 718 703 dignum
731 625 986 689 censebitis,
1019 625 1456 680 ferocitatemistam
1471 622 1740 698 propagaffe
1749 624 1797 674 in
1811 629 2021 691 posteros
2038 663 2051 687 ,
2061 625 2125 690 pi—

451 699 678 756 entiffitnis
690 696 898 766 alioquin
908 695 1024 746 Filiis
1035 712 1195 762 parem
1208 694 1412 747 indidisse
1431 697 1642 748 animum
1658 735 1672 758 ,
1685 692 1904 746 addidisse
1916 695 2054 744 robur
2065 692 2127 744 ad

452 767 788 836 fimilcsstrages
811 764 950 817 nobis
962 766 1232 836 infligendas
1252 766 1277 822 ’ζ
1316 772 1391 817 An
1413 783 1514 818 non
1528 766 1657 817 idem
1673 764 1773 816 hoc
1784 767 1850 816 est
1864 803 1877 819 ,
1894 763 2024 833 quod
2045 761 2128 814 de.

447 837 731 896 testabamini
744 839 894 902 Superi
946 851 994 886 er
1006 838 1207 899 vestrum
1221 836 1510 897 Prophetam
1522 844 1586 895 (a)
1604 837 1652 886 in
1666 834 1957 904 Principibus
1973 833 2123 895 Israel,

444 906 570 975 quod
589 919 736 956 unum
754 906 859 972 post
880 920 909 955 a
929 919 1076 956 terum
1102 905 1338 956 eduxerint
1359 904 1420 956 de
1433 904 1681 956 Leunculis
1695 902 1780 954 suis
1794 943 1808 966 ‚
1826 903 2001 969 eosque
2026 902 2123 953 fieri

441 978 631 1029 leones,
653 976 1064 1042 praedamcapere‚
1080 974 1243 1028 viduas
1264 976 1416 1028 facere
1432 1011 1449 1038 ,
1474 990 1533 1026 ac
1546 976 1777 1027 Civitates
1804 974 2054 1025 docuerint
2077 972 2124 1022 in

437 1045 661 1097 delertum
680 1043 948 1100 adducere?

548 1116 640 1165 Sed
654 1114 863 1168 utinam!
897 1112 1137 1184 (prosequi
1152 1113 1426 1167 videbantur
1437 1116 1669 1185 querelam
1680 1110 1833 1166 Rheni
1843 1149 1859 1167 ,
1873 1114 1925 1166 ὃ(
1944 1112 2034 1164 lstri
2048 1147 2062 1166 ,
2075 1123 2121 1162 a·

437 1184 709 1252 limumque
728 1184 973 1234 fluminum
986 1184 1170 1235 Accolae
1183 1193 1197 1241 )
1210 1184 1408 1236 utinam!
1422 1189 1469 1236 in
1481 1189 1701 1237 barbaros
1711 1187 1864 1235 lolum
1877 1219 1891 1236 ,
1904 1187 1955 1236 ὃ(
1968 1182 2121 1232 Thra.

439 1271 517 1307 ces·
537 1262 699 1302 Martis
719 1254 849 1317 hujus
863 1251 986 1305 furor
1004 1253 1292 1305 deferbuisset
1305 1295 1319 1318 ‚
1335 1271 1423 1306 nec
1436 1254 1714 1306 tantundem
1728 1252 1987 1306 Christiani
2001 1251 2114 1300 San·

439 1324 587 1394 guinis
611 1325 809 1386 sparsum
828 1358 844 1377 ,
880 1338 959 1373 aut
973 1324 1156 1375 minora
1186 1322 1362 1375 damna
1377 1322 1842 1375 nobisillataiuissent
1863 1359 1875 1382 ,
1931 1319 2124 1371 conscio

355 1446 357 1448 ,
438 1410 540 1444 non
560 1394 711 1444 solum
723 1432 737 1455 ‚
760 1392 835 1442 {ed
850 1408 1019 1461 agente
1032 1391 1245 1457 Eodem3
1278 1397 1384 1445 esset
1394 1394 1636 1444 tolerabile
1648 1394 1850 1453 malum,
1865 1394 1916 1444 ὅτ
1932 1405 2122 1459 gemen‘

438 1478 504 1512 res
517 1464 771 1517 sileremus:
806 1467 950 1514 Nunc
964 1478 1123 1514 autem
1134 1463 1278 1514 hostis
1289 1465 1442 1514 noster
1453 1461 1672 1532 peffimus
1686 1466 1729 1513 Is
1738 1477 1834 1513 erat
1851 1497 1865 1514 ,
1886 1468 2013 1523 cujus
2024 1473 2117 1511 cru·

438 1529 599 1582 deliras
620 1531 907 1582 redundabat
929 1531 976 1582 in
990 1533 1235 1599 Imperium
1261 1532 1338 1585 sua
1360 1533 1680 1598 tranquillitate
1692 1531 2014 1590 deturbatum3
2050 1543 2121 1576 re·

434 1606 680 1652 mundabat
694 1603 737 1650 in
750 1607 885 1652 Sacra
899 1639 913 1663 ,
948 1602 1198 1668 persimilia
1216 1605 1339 1654 bella
1352 1602 1600 1672 profanata
1623 1621 1639 1663 3
1672 1607 1720 1654 δι’.
1738 1601 1966 1653 redundat
1979 1598 2025 1648 in
2047 1603 2120 1645 Vos

435 1687 632 1738 quoque
646 1671 878 1734 ‚Judzces,
895 1687 1097 1739 quorum
1115 1676 1282 1733 timor,
1311 1677 1363 1726 ὅ(
1378 1673 1630 1723 reverentia
1648 1670 1934 1740 pessumdata
1955 1665 2081 1717 ruere
2099 1701 2116 1720 ι

435 1741 725 1808 vestramque
737 1755 965 1803 provocat
991 1743 1156 1804 justam
1168 1744 1439 1787 vindi-fitam.

558 1813 767 1860 Anvero
786 1822 877 1854 nos
894 1805 1025 1854 inulti
1036 1804 1339 1855 recedamus?
1385 1803 1676 1862 (insurrexere
1689 1804 1885 1873 quidam
1898 1805 1956 1855 de
1975 1810 2118 1872 Syna·

434 1892 594 1948 goga„
615 1890 715 1939 quae
725 1887 922 1923 vocatur
933 1873 1151 1925 calvini,
1176 1872 1391 1934 Lutheri‚
1410 1873 1695 1939 aurJansenij
1721 1883 1737 1931 )
1773 1880 1836 1925 an
1858 1893 1958 1927 non
1969 1874 2117 1925 vindi.

431 1944 594 1997 cabiris
602 1956 691 1991 nos-
704 1978 717 2002 ,
753 1939 782 1988 sl
796 1938 908 2006 quid
931 1940 1150 2007 aequitatis
1162 1942 1311 1992 vestro
1324 1943 1535 2009 reperitur
1548 1942 1593 1992 in
1607 1943 1810 1994 conlessu
1829 1943 1849 1992 ἓ
1888 1950 2021 1998 Nos,
2034 1943 2115 2012 qui

431 2009 731 2080 implacabile
749 2007 964 2076 Principis
982 2008 1152 2061 odium
1174 2010 1370 2062 tolerate
1394 2012 1693 2081 cogebamur
1713 2033 1731 2074 ;
1777 2010 1876 2065 hoc
1896 2028 2063 2084 agente
2091 2011 2118 2063 ὲ

427 2082 613 2137 latebris
637 2077 793 2129 edueti
809 2113 824 2131 ,
852 2077 1115 2130 e'dornibus
1134 2080 1267 2146 ejeeti
1288 2119 1303 2142 ‚
1330 2080 1357 2131 ὲ
1383 2080 1569 2146 templis
1581 2082 1693 2149 pulli
1708 2121 1723 2144 ,
1751 2080 1778 2133 ὲ
1793 2081 2042 2135 Provinciis
2054 2097 2118 2133 re-

428 2154 600 2224 legati,
629 2151 681 2204 ὃ(
698 2147 893 2198 solidam
906 2148 1112 2211 instillare
1126 2150 1409 2202 Doetrinam
1431 2150 1690 2216 prohibiti?
1722 2155 1799 2201 An
1820 2170 1918 2202 non
1935 2153 2118 2219 semper

426 2223 519 2277 veri
545 2218 762 2271 Numinis
776 2220 895 2271 iram
908 2255 922 2278 ,
945 2223 997 2272 ὃ(
1009 2217 1210 2271 caelitum
1232 2219 1605 2289 indignationem
1617 2219 1837 2282 meruere,
1858 2222 1936 2290 qui
1952 2219 2113 2272 Praedi.

434 2287 858 2357 cationiEvangelij
878 2287 1163 2344 restiterunt,
1202 2289 1589 2357 Purissimt'tmqne
1613 2291 1705 2343 Dei
1723 2292 1925 2343 Verbum
1937 2290 2108 2343 decen.

431 2379 499 2413 res
516 2358 820 2426 praepediunt,
839 2373 886 2407 ut
899 2357 1255 2427 insupportabile
1264 2359 1779 2431 Pontificiorumjugum
1791 2397 1805 2414 ,
1820 2364 1873 2416 ὅτ
1888 2377 2105 2432 gravato·

430 2448 531 2483 rum
553 2444 719 2493 onera,
744 2444 844 2503 quae
857 2426 1003 2497 digito
1015 2443 1175 2481 tamen
1187 2428 1269 2480 suo
1282 2444 1479 2483 movere
1495 2427 1831 2500 dedignantur,
1849 2447 1935 2500 prae
1953 2431 2106 2494 suavi,

431 2503 626 2568 levique
653 2499 841 2547 Domini
864 2514 1006 2549 onere
1030 2506 1280 2553 tueantur?
1490 2542 1492 2545 ,

535 2567 714 2633 Quidni
725 2565 990 2636 graviffimo
1003 2568 1202 2639 graviori
1219 2567 1442 2637 supplicio
1463 2567 1656 2638 dignum
1671 2570 1961 2637 judicabitis?
1994 2577 2099 2626 lau«

432 2639 543 2690 dent
553 2643 606 2690 δ(
617 2636 678 2685 illi
695 2651 848 2702 petere
861 2674 876 2697 ‚
900 2651 1021 2702 quos
1034 2637 1244 2704 Principis
1255 2636 1462 2689 Nemesis
1472 2640 1612 2706 perire
1626 2642 1797 2704 jullerat
1816 2643 1919 2692 ense
1931 2680 1944 2701 ,
1956 2638 2101 2702 furca,

431 2709 506 2760 vel
517 2706 645 2762 rota)
673 2705 882 2772 nunquid
901 2704 1134 2757 dimittetis
1156 2707 1426 2775 impunem,
1454 2713 1578 2773 cujus
1600 2710 1825 2762 sententia:
1851 2713 1966 2779 saepe
1989 2725 2099 2777 prae-

430 2778 581 2843 cipiti,
607 2786 732 2836 cujus
754 2790 1020 2839 praetextatae
1035 2776 1213 2839 Justiriae
1227 2815 1242 2840 ,
1265 2792 1314 2828 ut
1333 2776 1502 2844 inopiae
1516 2780 1679 2830 nostrat
1691 2804 1713 2835 ,x
1735 2797 1792 2835 ac
1804 2794 2096 2848 precatorum
2115 2769 2121 2791 ¹

426 2845 622 2896 defeetur
649 2846 694 2893 in
719 2847 921 2916 acceptis
943 2845 1055 2897 ferre
1067 2846 1315 2908 debemm,
1339 2845 1467 2914 quod
1480 2848 1842 2902 malefactorum
1865 2849 1947 2900 sub
1973 2848 2097 2901 lche·

426 2928 554 2967 mare
567 2953 583 2977 ,
597 2913 846 2980 turpillitna
859 2930 1008 2969 morte
1019 2916 1046 2968 ὲ
1064 2915 1178 2973 vivis
1197 2914 1358 2970 sublati
1375 2953 1392 2974 ,
1415 2917 1655 2988 dimidium
1671 2933 1902 2982 annorum
1917 2922 2095 2970 nostro„

1930 3003 2027 3039 tum

564 3058 628 3109 (a)
649 3062 804 3101 Ezechielis
819 3066 878 3108 19,v
