2231 3428
832 42 1008 101 3⁸33&
1063 39 1495 101 >offis-138&

262 159 541 210 Emanuelem
559 197 572 221 ,
583 157 834 228 quondam
848 160 1116 212 Elfflorem
1129 195 1148 216 ,
1187 173 1244 210 ac
1256 156 1459 209 Bavariae
1471 156 1704 225 utriusque
1721 157 1774 210 ὅ(
1789 153 2074 208 Palatinatfis

262 230 524 298 Superioris
539 234 727 282 Ducem
738 267 753 284 ,
766 235 867 284 &o

375 301 563 353 Timere
590 300 784 367 quidem
809 307 902 364 jam
920 299 1242 364 jusleranttam
1259 299 1456 368 lugubre
1468 296 1617 348 fatum
1648 335 1663 359 ‚
1701 311 1804 365 quae
1822 298 2001 346 trahere
2025 294 2075 344 in

262 367 485 421 occasum
497 368 778 421 videbantur
796 370 1044 434 praenuntia
1071 369 1199 439 signa
1227 369 1515 418 morborum
1538 403 1553 421 ,
1600 365 1728 417 unde
1752 365 1863 414 nihil
1885 383 1986 415 non
2009 364 2076 413 fa·

267 441 401 489 &um
420 480 432 495 ,
473 455 574 509 quo
594 440 832 506 precibu8‚
874 442 928 493 ὅ(
944 437 1082 489 Votis
1095 453 1361 488 moveretur
1378 442 1576 489 Numen
1592 475 1606 497 ‚
1644 453 1694 487 ut
1705 435 1894 486 tardare
1906 440 2073 483 Parcas

262 510 466 576 juberet:
501 515 562 559 At
579 523 759 559 aeneum
779 507 823 559 {e
836 511 878 557 se
896 509 1067 560 caelum
1092 506 1322 561 ostendit,
1341 522 1534 574 tamque
1558 507 1682 557 irrita
1706 507 1794 556 esse
1809 504 1955 555 voluit
1977 517 2076 552 me‘

260 578 495 631 dicamina
507 579 688 630 cuneta
712 597 728 639 ;
765 593 814 628 ut
840 577 1085 628 Libithinae
1106 577 1310 627 resistere
1328 593 1477 626 nemo
1498 575 1661 640 posset.
1757 579 1887 644 Ergo
1911 577 1964 626 &
2003 575 2072 621 in-

262 649 496 702 scrutabili
520 647 608 697 Dei
620 645 821 698 confilio
841 646 1007 699 cedere
1024 648 1235 713 oportuit
1250 683 1263 707 ,
1285 650 1336 699 ὃ(
1351 682 1365 706 ,
1391 662 1491 713 quae
1511 651 1605 708 jam
1619 663 1720 696 non
1740 642 2074 708 permitteban-

263 733 334 770 tur
344 718 461 771 ciere
471 718 705 784 populum
718 716 778 767 ad
791 717 1050 768 cantandas
1066 721 1178 767 Deo
1191 715 1358 766 laudes
1372 751 1386 768 ,
1401 716 1470 764 ob
1487 715 1736 766 restitutam
1748 714 1939 763 salutem
1952 747 1966 770 ,
1987 726 2072 761 aera

259 791 518 855 Campana
543 786 684 835 aulici
709 788 999 838 clericorum
1026 790 1326 855 Regularium
1345 784 1540 849 Templi
1566 819 1578 837 ,
1615 799 1887 850 provocare
1925 781 2072 848 lacry⁴

264 872 370 910 mas
385 895 399 919 ‚
423 859 477 910 ὃ(
494 856 675 904 lucium
685 857 887 908 indicere
899 893 914 911 ,
939 856 1121 926 lugubri
1137 871 1215 924 per
1236 856 1465 925 integram
1478 856 1649 905 horam
1663 857 1875 905 sonantia
1888 851 2041 901 Tono
2053 888 2068 911 ,

254 927 514 978 debebant.

363 994 800 1067 Qmadmodum
814 1011 972 1046 autem
987 998 1091 1045 solo
1113 992 1516 1065 plandiuffiagendis
1528 1011 1627 1043 non
1647 995 1709 1044 sat
1733 997 1852 1043 bene
1876 991 2070 1042 consuli-

262 1080 393 1127 ωας,
426 1070 490 1115 ita
505 1073 598 1127 jam
615 1063 678 1114 ad
691 1081 745 1115 ca
760 1064 1007 1116 vertendus
1022 1082 1123 1116 erat
1147 1068 1327 1115 animus
1341 1102 1352 1116 ,
1367 1081 1466 1131 quae
1485 1064 1627 1113 funeri
1643 1062 1856 1114 curando
1873 1060 2074 1112 necessa-

259 1136 322 1186 ria
342 1135 632 1194 speoabant.
752 1134 1059 1185 Prohibuerat
1081 1130 1391 1185 Serenissimus
1411 1135 1499 1199 iple
1511 1132 1748 1186 decedens
1767 1131 1951 1183 drlcindi
1964 1145 2073 1180 exa·

260 1207 577 1272 nimecorpus
593 1241 607 1263 ,
629 1209 683 1259 ἃ
706 1205 991 1253 εῐοιηεῑὼιιεε
1010 1202 1190 1253 condiri
1213 1223 1227 1264 3
1263 1207 1751 1267 quaproptertumulo
1779 1202 1978 1255 celerius
2000 1201 2070 1249 in.

260 1274 506 1325 ferendum
524 1289 648 1327 erat,
674 1279 726 1325 ὃ(
747 1273 911 1321 omnia
939 1274 1144 1323 breviori
1164 1290 1310 1322 manu
1336 1272 1550 1339 expedire
1571 1274 1832 1330 necessurn3
1870 1275 2070 1335 Aperue-

257 1359 327 1394 rat
349 1356 544 1410 quoque
568 1358 775 1392 mentem
800 1342 954 1395 luam,
991 1342 1133 1409 quam
1156 1342 1298 1392 fixum
1313 1340 1390 1389 fibi
1407 1341 1558 1391 fuerat
1585 1343 1762 1407 semper
1785 1380 1796 1401 ‚
1837 1339 1967 1405 quod
1986 1340 2072 1388 ob-

258 1419 353 1480 jcns
373 1408 774 1462 Serenissimorum
796 1411 1043 1461 Parentum
1067 1412 1246 1473 exuvijs
1269 1413 1391 1478 jungi
1407 1410 1594 1460 deberet
1614 1448 1627 1470 ‚
1664 1426 1712 1459 ut
1726 1408 1975 1459 defunfrus
1998 1410 2069 1456 iis-

256 1489 366 1534 dem
379 1480 484 1529 essct
499 1492 699 1545 corpore
714 1479 893 1532 vicinus
907 1517 921 1540 ‚
958 1482 984 1531 a*
1005 1482 1172 1545 quibus
1193 1480 1375 1528 Pietatis
1399 1479 1550 1529 studio
1562 1494 1805 1546 nunquam
1821 1479 2068 1538 recesserat,

255 1548 560 1617 eandemque
575 1565 686 1599 cum
705 1551 790 1597 illis
813 1551 1032 1613 reperiret
1050 1547 1286 1599 Anastafin
1302 1545 1361 1595 ad
1376 1550 1519 1598 vitam
1548 1550 1870 1598 immortalem
1886 1587 1897 1607 ,
1939 1563 2065 1615 quos

257 1621 428 1674 dedisse
443 1625 693 1669 mortalem
707 1619 1189 1684 lempcrmeminerat3
1213 1633 1354 1682 atque
1367 1616 1492 1667 adeo
1511 1635 1607 1668 tam
1621 1620 1704 1685 piae
1721 1617 1948 1667 voluntati
1964 1632 2064 1666 non

254 1690 484 1744 contraire
495 1688 838 1738 (acrolanfium
853 1689 1076 1738 omnibus
1094 1687 1193 1741 fuit.

368 1758 495 1812 Huic
506 1757 637 1827 igitur
656 1757 886 1807 servando
913 1757 1146 1824 Deposito
1171 1758 1465 1808 Clericorum
1480 1757 1782 1827 Regularium
1796 1756 2062 1824 Templum

254 1833 418 1884 servire
437 1827 685 1879 debuerat,
722 1827 780 1875 ibi
803 1827 930 1877 enirn
951 1828 1031 1877 sub
1053 1843 1128 1877 ara
1145 1827 1351 1877 maxima
1377 1866 1390 1886 ‚
1428 1844 1483 1879 ac
1501 1831 1640 1878 veluti
1659 1830 1756 1895 ipso
1769 1827 2062 1881 Eucharistici

257 1901 477 1954 Numinis
500 1895 721 1948 Sacrario
739 1896 817 1945 sibi
847 1935 860 1949 ,
898 1900 946 1949 δι
975 1898 1313 1946 Successoribns
1339 1897 1524 1961 Quietis
1545 1904 1709 1947 locum
1733 1897 2062 1949 constituerant

255 1974 528 2024 fundatores
540 1965 943 2016 Munificentissimi
964 1967 1072 2015 dic-“ti
1087 1965 1564 2034 Templi‚Serenillimi
1587 1966 1817 2033 Principes
1834 1968 2058 2016 ferdinan-

257 2045 339 2092 dus
360 2044 505 2089 Maria
527 2037 725 2087 Elefflor
743 2075 756 2097 ‚
780 2041 830 2089 ὃ(
849 2036 1028 2083 Adelas's
1055 2038 1277 2097 fleetrix,
1309 2040 1361 2089 &
1389 2044 1578 2099 jamjam
1600 2052 1708 2085 cum
1725 2036 1822 2085 aliis
1839 2037 1920 2087 suis
1938 2036 2057 2091 filiis,

253 2128 312 2164 ac
331 2106 598 2174 Nepotibus
621 2105 920 2157 Serenissimis
953 2106 1203 2174 quiescunt.
1285 2105 1436 2156 Dino
1458 2107 1651 2173 proinde
1674 2106 1889 2156 Tumulo
1924 2144 1940 2162 ,
1990 2106 2057 2157 uti

252 2182 484 2247 Templo,
511 2190 672 2242 quarta
696 2176 799 2243 post
818 2175 1002 2225 obitum
1025 2176 1114 2236 die,
1136 2173 1191 2224 esi
1210 2212 1221 2232 ‚
1242 2191 1334 2242 qua
1350 2177 1548 2226 decebat
1566 2216 1576 2233 ,
1593 2176 1856 2226 nvastillimzi
1880 2175 2060 2243 pompei

249 2249 568 2304 inferrebatu15
591 2257 717 2312 cujus
738 2248 872 2295 ritum
887 2246 1135 2295 describere
1154 2242 1488 2310 supersedemus
1504 2282 1517 2298 ,
1542 2260 1704 2310 utpote
1717 2250 1778 2294 ab
1796 2246 1898 2295 aliis
1913 2264 2052 2299 nota-

252 2337 354 2373 tum
368 2335 478 2371 cum
500 2322 696 2370 caeteris,
716 2314 814 2384 qu'ae
830 2315 956 2366 funus
987 2330 1277 2367 concernunt
1302 2314 1574 2380 praecedenti
1592 2330 1783 2382 quoque
1805 2318 2054 2382 quatriduo

243 2391 501 2444 excultum.

358 2458 576 2528 Exequiis
598 2457 705 2509 dein
717 2455 1024 2508 solennibus,
1046 2471 1161 2522 quas
1175 2454 1359 2505 Eodem
1388 2457 1435 2504 in
1451 2456 1661 2520 Templo
1676 2455 1917 2506 celebrare
1937 2471 2050 2508 con.

246 2545 473 2585 venerat,
490 2546 585 2599 quo
596 2543 731 2579 tanto
745 2526 948 2593 Principe
966 2565 978 2585 ,
1004 2541 1060 2574 ac
1080 2525 1220 2576 Filiali
1242 2541 1411 2574 amore
1431 2527 1568 2574 eslent
1583 2525 2052 2594 condignae,Serenisl.

247 2603 562 2654 I-Iaercsdeesse
577 2597 893 2667 nequidquam
910 2596 1085 2655 voluit,
1121 2594 1259 2662 quod
1279 2593 1339 2644 ad
1355 2592 1711 2663 Magnificentiae
1734 2604 1913 2645 tamam
1934 2595 2049 2645 desi.

249 2669 614 2736 deraripoterat3
652 2668 778 2718 unde
801 2671 956 2715 locare
970 2681 1168 2729 operam
1185 2681 1352 2715 omnes
1369 2663 1493 2714 fuere
1514 2663 1608 2726 juffi
1621 2700 1634 2720 ‚
1653 2665 1731 2731 qui
1744 2664 1834 2713 slve
1846 2666 2048 2716 constru-

245 2742 374 2793 endo
391 2740 651 2791 Maulolaeo
668 2777 682 2798 ,
715 2737 810 2786 sive
834 2735 911 2785 alii
937 2735 1187 2800 Apparatui
1213 2735 1386 2784 funebri
1411 2733 1757 2799 reperiebantur
1779 2733 1936 2785 idonei
1956 2754 1971 2796 ς
1991 2739 2047 2788 δε

246 2811 424 2864 idcirco
436 2814 575 2862 etiam
587 2807 743 2858 Musas
755 2803 1015 2857 Theatinas
1030 2803 1206 2867 decuit,
1218 2819 1283 2866 ut,
1296 2820 1521 2873 quantum
1534 2807 1814 2869 permitteret
1836 2810 2044 2874 angustia

247 2882 468 2949 temporis
489 2921 503 2943 ,
519 2877 787 2931 conferrent
803 2917 814 2937 ‚
829 2890 916 2925 nec
936 2874 1291 2933 praeficassolum
1305 2890 1492 2944 agerent
1505 2874 1589 2936 ‚sed
1607 2875 1820 2925 Encomii
1833 2875 2046 2925 nonnihil

243 2953 513 3017 adiicerent,
535 2946 788 3002 immortali
805 2947 983 3013 {emper
1005 2950 1100 3011 jam
1121 2944 1307 2995 aliunde
1321 2981 1335 2997 2
1355 2944 1567 3014 Principis
1585 2947 1745 3001 Famae.

1921 3015 1977 3064 Et
