2345 3428
917 175 1095 233 ’ἓξὲξ
1149 173 1339 235 ΜΕΝ(
1391 175 1566 235 ἓξὲξ

406 312 503 362 ne3
534 297 614 353 vel
636 290 984 359 odioPrincipis
1002 329 1019 354 ,
1063 306 1209 360 quem
1231 308 1335 344 non
1356 291 1568 346 latebant
1594 289 1856 343 animarum
1877 292 2084 345 maxima
2097 306 2104 330 ’-

408 369 584 421 damna
596 408 610 433 ‚
650 361 926 427 Demollitio
942 364 1090 415 vineae
1103 362 1297 414 Domini
1310 401 1325 424 ,
1358 363 1538 418 &sanae
1547 362 1807 429 corruptela
1820 364 2054 415 Docirinae
2070 402 2084 425 ‚

409 443 492 491 ubi
506 439 707 506 vulpibus
721 431 804 484 istis
816 447 916 482 non
934 431 1222 502 praecluditur
1244 430 1422 496 aditus,
1445 432 1654 494 miretur,
1676 429 1880 500 quisquis
1894 437 2087 484 voluerit

414 509 572 563 stricto
580 508 749 573 {emper
760 500 919 553 stetisse
935 503 1103 574 gladio
1114 502 1461 566 ‚ut,Cherubini
1475 501 1534 553 de
1543 500 1992 564 more‚commissum
2006 500 2087 553 sibi

413 576 681 632 Paradisum
704 584 938 623 tutaretur.
1011 573 1190 625 Miretur
1201 573 1437 641 illum,qui
1452 587 1650 623 noverat
1665 570 1845 640 optime
1873 606 1888 624 ,
1911 572 2110 636 quantis'

416 650 580 716 injuriis
595 647 687 697 hoc
703 640 960 695 hominum
983 659 1131 714 genus
1151 643 1378 711 mysteriis
1399 641 1512 693 meis
1534 639 1743 693 insultare
1767 639 2054 694 consueverit
2076 681 2090 704 ,

414 719 556 787 qussm
567 707 771 782 sacrilega
793 725 941 764 manu
961 716 1084 765 sacra
1103 712 1212 767 vasa
1226 713 1416 780 diripere
1430 750 1444 775 ,
1470 713 1648 763 violare
1667 717 1844 776 templa
1857 745 1872 763 ,
1895 713 2096 775 expilare
2113 727 2118 739 ‘

413 788 596 841 sacraria
615 819 630 845 ,
675 780 888 849 Deo‘que
917 784 1113 836 sacratas
1134 783 1181 833 in
1203 784 1426 834 Personas
1449 781 1741 835 debacchare
1763 797 1862 835 non
1887 780 2063 832 desinat
2084 798 2115 833 t·

415 859 589 910 Miretur
601 889 616 914 ‚
638 851 839 918 inquam
851 891 866 915 ,
885 854 1020 921 quod
1035 852 1394 906 abominatione
1409 851 1643 904 laudanda
1655 889 1667 905 ,
1679 860 1732 910 &
1751 853 1960 923 perfeeto
1979 851 2100 902 odio

415 921 561 978 oderit
580 921 714 983 illos,
750 936 874 989 quos
891 940 983 977 vos
998 939 1190 992 quoque
1210 921 1365 974 soletis
1388 922 1527 973 odisse
1549 957 1564 975 2
1590 928 1620 976 ὂ
1640 924 1796 992 Superi
1817 934 1829 977 3
1862 924 2099 992 Quonam

414 994 543 1065 igitur
560 990 714 1042 modo
735 993 811 1043 vel
836 1008 970 1046 noxa:
993 1008 1239 1061 propterea
1257 1007 1385 1043 reum
1405 1028 1419 1052 ‚
1447 997 1524 1045 vel
1547 993 1742 1062 dignum
1763 1009 1908 1063 poena
1933 994 2102 1044 censeri

415 1061 705 1134 permittam,
740 1064 820 1127 qui
844 1062 1172 1131 vituperandus
1187 1061 1356 1123 fuiiiet,
1392 1061 1450 1123 si,
1470 1062 1582 1113 cum
1603 1077 1787 1124 poterat
1806 1064 1970 1129 exequi
1990 1097 2004 1115 ,
2031 1064 2094 1114 di⁴

415 1134 524 1187 vina
538 1130 803 1202 neglexisset
818 1132 1011 1201 imperia
1033 1169 1049 1187 ,
1085 1147 1184 1200 quae
1205 1132 1442 1184 vindicem
1466 1132 1557 1181 mei
1580 1169 1594 1192 ,
1623 1138 1676 1188 δε
1699 1134 1978 1196 Adiutorem
1997 1129 2105 1183 fide·

419 1204 514 1255 lem
537 1202 717 1268 semper
741 1203 1041 1254 constituunt.
1109 1202 1346 1266 Quinimo
1368 1221 1383 1263 ;
1418 1203 1613 1270 ipsamet
1626 1218 1720 1273 ego
1747 1203 1776 1252 si
1801 1203 2007 1253 stimulos
2028 1202 2123 1253 ad-·

414 1272 513 1324 didi
529 1274 591 1322 ad
605 1273 707 1324 haec
718 1269 843 1323 bella
859 1272 1060 1342 gerenda
1075 1273 1097 1333 ‚'
1112 1271 1172 1322 ad
1185 1275 1329 1323 castra
1342 1270 1583 1324 movenda
1598 1307 1613 1324 ,
1648 1278 1702 1326 δε
1726 1274 1917 1342 agmina
1929 1286 2051 1339 coge
2056 1292 2106 1323 n.

417 1342 509 1407 da,
535 1340 770 1410 nunquid,
795 1341 983 1410 sicuipa
998 1341 1168 1400 fuisset,
1197 1342 1298 1394 haec
1311 1357 1419 1392 mea
1440 1340 1641 1394 dicenda
1662 1341 1687 1397 ἓ
1734 1340 1910 1393 Etvere
1924 1377 1937 1403 ,
1977 1342 2108 1412 Ego,

418 1416 525 1483 Ego
551 1410 630 1461 illa
648 1411 820 1464 eadem
842 1412 936 1472 fui,
978 1428 1079 1480 quae
1096 1409 1432 1479 adaptaveram
1448 1427 1577 1462 arma
1599 1452 1613 1474 ‚
1651 1412 1848 1480 imposui
1865 1409 2108 1466 camdem,

421 1480 630 1552 praecinxi
657 1479 853 1551 gladio,
888 1482 1127 1534 classicum
1147 1482 1294 1534 cecini
1318 1495 1331 1530 ι
1365 1485 1469 1551 Ego
1493 1521 1506 1544 ,
1559 1498 1659 1563 quae
1679 1481 2108 1552 suggessiconsilia,

417 1552 646 1611 roboravi
660 1551 877 1607 brachia,
913 1567 1123 1603 mentem
1144 1550 1346 1606 firmavi,
1382 1567 1682 1621 omnemque
1703 1568 1815 1603 cum
1839 1552 1920 1600 ilio
1949 1552 2131 1602 armari,

420 1623 676 1676 volueram
697 1637 957 1683 creaturam
981 1637 1071 1672 vos
1083 1636 1247 1672 contra
1275 1620 1552 1673 insensatos:
1599 1625 1635 1672 is
1662 1622 1774 1692 ergo
1796 1619 2055 1690 cuipandus
2076 1619 2109 1668 si

416 1691 566 1756 foret,
601 1707 767 1745 contra
778 1707 855 1743 me
865 1692 1054 1747 ferenda
1064 1692 1170 1744 esset
1186 1690 1427 1745 sententia,
1453 1707 1530 1742 me
1550 1694 1677 1742 luere
1697 1690 1884 1754 potius,
1908 1691 2113 1758 quami!-

418 1762 520 1816 lum
530 1777 754 1879 &ggteerg
775 1827 853 1893 qui
874 1827 1003 1876 estis?
1025 1840 1146 1889 quos
1165 1823 1312 1872 rubor
1323 1837 1425 1872 non
1436 1836 1665 1889 occupat,
1689 1822 2003 1878 Christiadum
2015 1827 2114 1877 san.

421 1897 613 1969 guinem
632 1894 693 1945 ad
714 1894 929 1944 Rhenum
942 1900 1015 1943 vei
1039 1893 1199 1943 Istrum
1220 1895 1273 1944 &
1299 1891 1495 1943 flumina
1515 1892 1681 1962 quaevis
1695 1896 1957 1947 Germaniae
1980 1896 2024 1946 in
2043 1896 2110 1947 his

423 1962 557 2021 bellis
571 1957 844 2032 profustffli,
878 1962 926 2013 in
949 1961 1079 2013 hunc
1090 1967 1284 2009 Martem
1308 1962 1533 2014 versantes
1555 1974 1571 2015 ἓ
1604 1962 1782 2013 Siccine
1798 1965 1994 2016 redditur
2013 1982 2107 2016 mar
2127 1958 2159 1967 ’“

423 2037 526 2091 lum
545 2049 635 2101 pro
651 2033 789 2084 bono
813 2032 835 2081 ἒ
870 2036 924 2087 ὅτ
939 2047 1063 2100 quos
1078 2031 1355 2082 Auxiliatore
1370 2030 1582 2083 fidissimo
1599 2070 1613 2086 ,
1652 2031 1961 2087 domesticum
1978 2050 2116 2087 com·

425 2102 632 2157 modum
645 2103 823 2168 semper
840 2103 1179 2170 posthabente,
1203 2102 1333 2153 laetos
1346 2103 1507 2168 perfrui
1529 2102 1746 2171 contigit,
1777 2104 1821 2153 in
1847 2108 2114 2171 hujusnunc

429 2181 629 2242 jurantes
645 2171 890 2241 perniciem
901 2174 998 2223 Vos
1018 2169 1178 2239 Superi
1203 2169 1420 2233 audiant,
1459 2187 1521 2221 an
1546 2171 1700 2236 potius
1719 2170 1956 2241 perdant?
1988 2176 2108 2241 Quis

429 2258 592 2312 autem
613 2242 809 2295 noxium
831 2241 959 2293 dicat
977 2242 1141 2307 majori
1155 2241 1328 2309 semper
1347 2241 1672 2293 moderamine
1683 2244 1845 2294 damni
1862 2245 1959 2295 vim
1983 2263 2029 2297 vi
2052 2262 2121 2296 re.

428 2311 725 2383 pellentem?
750 2310 855 2381 quis
871 2311 1125 2382 congenita
1137 2318 1267 2376 jura,
1308 2315 1361 2365 ἃ
1377 2312 1635 2363 libertatem
1649 2312 1890 2364 indubiam
1905 2353 1919 2377 ,
1944 2315 2116 2383 propri-

429 2382 836 2452 amqueDomum
857 2385 910 2437 ἃ
924 2381 1194 2453 sanguinem
1217 2382 1329 2431 tueri
1341 2381 1604 2450 cupientem
1617 2390 1641 2437 ‘3
1676 2386 1904 2435 Mearum
1918 2393 2112 2453 quoque

431 2454 535 2505 hoc
542 2452 742 2521 partium
754 2454 819 2504 est
831 2454 985 2518 jubere
999 2489 1013 2514 ‚
1050 2466 1099 2501 ut
1111 2453 1237 2503 iliaesa
1249 2453 1472 2521 cuiusque
1482 2458 1587 2516 Jura
1601 2451 1824 2504 serventur
1835 2490 1849 2514 ,
1887 2455 2111 2522 quemad.
2123 2452 2125 2454 ’

431 2522 634 2575 modum
659 2536 814 2575 vetare
833 2561 848 2586 ‚
892 2538 952 2573 ne
964 2536 1094 2585 certo
1107 2521 1189 2572 suo
1200 2523 1304 2589 Jure'
1325 2536 1503 2575 utentes
1518 2523 1912 2575 criminationibus
1936 2525 2117 2577 submitu

433 2606 586 2644 tantur
600 2595 661 2644 ab
680 2592 754 2653 iis,
789 2593 871 2661 qui
889 2593 1117 2643 versantur
1135 2591 1183 2641 in
1195 2590 1358 2656 dubio,
1440 2595 1444 2599 “

531 2663 591 2712 Et
605 2677 752 2731 quam
763 2661 966 2730 denique
986 2662 1092 2715 Vos
1108 2662 1222 2713 inter
1232 2662 1448 2715 homines
1470 2677 1550 2714 aut
1571 2664 1750 2714 summe
1768 2665 2018 2720 temerarii,
2038 2681 2119 2717 aut

432 2730 569 2784 faeto
583 2767 600 2787 ,
634 2736 796 2794 utJure
806 2731 1024 2787 infames,
1063 2747 1154 2784 vos
1173 2746 1287 2799 puto
1304 2730 1570 2785 homicidas
1595 2770 1608 2795 ‚
1641 2737 1842 2784 latrones
1855 2770 1870 2788 ,
1906 2749 2121 2800 raptores

433 2803 490 2856 ἃ
501 2802 831 2853 malefactores
843 2816 1187 2871 quoscumque,
1208 2813 1352 2872 quam
1364 2803 1708 2855 accusationem
1724 2802 1889 2855 affertis
1908 2805 2118 2857 adversus

433 2870 704 2941 Principem
720 2872 854 2924 istum
871 2872 892 2920 .2
938 2878 1025 2933 An,
1049 2871 1182 2941 quod
1195 2870 1340 2923 nimia
1362 2873 1413 2923 sit
1426 2874 1524 2923 usus
1537 2869 1828 2935 Clementia,
1859 2873 1972 2926 dum
1988 2874 2122 2925 vobis

436 2938 594 2993 debita
605 2941 821 3010 supplicia
843 2941 1103 3013 mitigavit?
1150 2948 1224 2994 An
1239 2979 1254 3005 ,
1291 2942 1421 3012 quod
1438 2959 1495 2995 ea
1510 2941 1637 2994 haud
1653 2945 1804 2994 hilaris
1819 2943 1891 2995 die
1912 2946 2000 2996 esse
2020 2959 2119 3010 poa

438 3012 599 3078 tuerit,
628 3012 723 3082 qua
747 3013 941 3068 feralem>
960 3015 1105 3084 invos
1122 3012 1583 3083 firmareiententiam
1611 3014 1901 3086 cogebatur,
1926 3017 2000 3067 vix
2037 3029 2124 3064 un·

1905 3098 2050 3152 quam

2339 2160 2341 2195 i

2339 2196 2341 2222 i

2339 2225 2341 2247 [

2339 2248 2341 2276 ἶ

2339 2283 2341 2317 Ι

2339 2329 2345 2346 r*

2339 2347 2345 2370 ii
